%YAML 1.1
%TAG !u! tag:unity3d.com,2011:
--- !u!29 &1
OcclusionCullingSettings:
  m_ObjectHideFlags: 0
  serializedVersion: 2
  m_OcclusionBakeSettings:
    smallestOccluder: 5
    smallestHole: 0.25
    backfaceThreshold: 100
  m_SceneGUID: 00000000000000000000000000000000
  m_OcclusionCullingData: {fileID: 0}
--- !u!104 &2
RenderSettings:
  m_ObjectHideFlags: 0
  serializedVersion: 8
  m_Fog: 0
  m_FogColor: {r: 0.5, g: 0.5, b: 0.5, a: 1}
  m_FogMode: 3
  m_FogDensity: 0.01
  m_LinearFogStart: 0
  m_LinearFogEnd: 300
  m_AmbientSkyColor: {r: 0.50735295, g: 0.50735295, b: 0.50735295, a: 1}
  m_AmbientEquatorColor: {r: 0.114, g: 0.125, b: 0.133, a: 1}
  m_AmbientGroundColor: {r: 0.047, g: 0.043, b: 0.035, a: 1}
  m_AmbientIntensity: 1
  m_AmbientMode: 3
  m_SubtractiveShadowColor: {r: 0.30449826, g: 0.3510355, b: 0.4705882, a: 1}
  m_SkyboxMaterial: {fileID: 2100000, guid: 8314ffe855e0e45b0a2fdbbdfe2010ea, type: 2}
  m_HaloStrength: 0.5
  m_FlareStrength: 1
  m_FlareFadeSpeed: 3
  m_HaloTexture: {fileID: 0}
  m_SpotCookie: {fileID: 10001, guid: 0000000000000000e000000000000000, type: 0}
  m_DefaultReflectionMode: 0
  m_DefaultReflectionResolution: 256
  m_ReflectionBounces: 1
  m_ReflectionIntensity: 1
  m_CustomReflection: {fileID: 0}
  m_Sun: {fileID: 0}
  m_IndirectSpecularColor: {r: 0.35270873, g: 0.5785666, b: 0.7680117, a: 1}
--- !u!157 &3
LightmapSettings:
  m_ObjectHideFlags: 0
  serializedVersion: 11
  m_GIWorkflowMode: 0
  m_GISettings:
    serializedVersion: 2
    m_BounceScale: 1
    m_IndirectOutputScale: 1
    m_AlbedoBoost: 1
    m_TemporalCoherenceThreshold: 1
    m_EnvironmentLightingMode: 0
    m_EnableBakedLightmaps: 0
    m_EnableRealtimeLightmaps: 0
  m_LightmapEditorSettings:
    serializedVersion: 9
    m_Resolution: 2
    m_BakeResolution: 64
    m_TextureWidth: 2048
    m_TextureHeight: 1024
    m_AO: 0
    m_AOMaxDistance: 1
    m_CompAOExponent: 1
    m_CompAOExponentDirect: 0
    m_Padding: 2
    m_LightmapParameters: {fileID: 15204, guid: 0000000000000000f000000000000000,
      type: 0}
    m_LightmapsBakeMode: 1
    m_TextureCompression: 1
    m_FinalGather: 0
    m_FinalGatherFiltering: 1
    m_FinalGatherRayCount: 256
    m_ReflectionCompression: 2
    m_MixedBakeMode: 1
    m_BakeBackend: 0
    m_PVRSampling: 1
    m_PVRDirectSampleCount: 32
    m_PVRSampleCount: 500
    m_PVRBounces: 2
    m_PVRFilterTypeDirect: 0
    m_PVRFilterTypeIndirect: 0
    m_PVRFilterTypeAO: 0
    m_PVRFilteringMode: 1
    m_PVRCulling: 1
    m_PVRFilteringGaussRadiusDirect: 1
    m_PVRFilteringGaussRadiusIndirect: 5
    m_PVRFilteringGaussRadiusAO: 2
    m_PVRFilteringAtrousPositionSigmaDirect: 0.5
    m_PVRFilteringAtrousPositionSigmaIndirect: 2
    m_PVRFilteringAtrousPositionSigmaAO: 1
    m_ShowResolutionOverlay: 1
  m_LightingDataAsset: {fileID: 0}
  m_UseShadowmask: 0
--- !u!196 &4
NavMeshSettings:
  serializedVersion: 2
  m_ObjectHideFlags: 0
  m_BuildSettings:
    serializedVersion: 2
    agentTypeID: 0
    agentRadius: 0.5
    agentHeight: 2
    agentSlope: 45
    agentClimb: 0.4
    ledgeDropHeight: 0
    maxJumpAcrossDistance: 0
    minRegionArea: 2
    manualCellSize: 0
    cellSize: 0.16666667
    manualTileSize: 0
    tileSize: 256
    accuratePlacement: 0
    debug:
      m_Flags: 0
  m_NavMeshData: {fileID: 0}
--- !u!1001 &5327892
Prefab:
  m_ObjectHideFlags: 0
  serializedVersion: 2
  m_Modification:
    m_TransformParent: {fileID: 0}
    m_Modifications:
    - target: {fileID: 224586678184848430, guid: ddb963bcde7d8a04a88b3ee4709f46c7,
        type: 2}
      propertyPath: m_LocalPosition.x
      value: 0
      objectReference: {fileID: 0}
    - target: {fileID: 224586678184848430, guid: ddb963bcde7d8a04a88b3ee4709f46c7,
        type: 2}
      propertyPath: m_LocalPosition.y
      value: 0
      objectReference: {fileID: 0}
    - target: {fileID: 224586678184848430, guid: ddb963bcde7d8a04a88b3ee4709f46c7,
        type: 2}
      propertyPath: m_LocalPosition.z
      value: 3
      objectReference: {fileID: 0}
    - target: {fileID: 224586678184848430, guid: ddb963bcde7d8a04a88b3ee4709f46c7,
        type: 2}
      propertyPath: m_LocalRotation.x
      value: 0
      objectReference: {fileID: 0}
    - target: {fileID: 224586678184848430, guid: ddb963bcde7d8a04a88b3ee4709f46c7,
        type: 2}
      propertyPath: m_LocalRotation.y
      value: 0
      objectReference: {fileID: 0}
    - target: {fileID: 224586678184848430, guid: ddb963bcde7d8a04a88b3ee4709f46c7,
        type: 2}
      propertyPath: m_LocalRotation.z
      value: 0
      objectReference: {fileID: 0}
    - target: {fileID: 224586678184848430, guid: ddb963bcde7d8a04a88b3ee4709f46c7,
        type: 2}
      propertyPath: m_LocalRotation.w
      value: 1
      objectReference: {fileID: 0}
    - target: {fileID: 224586678184848430, guid: ddb963bcde7d8a04a88b3ee4709f46c7,
        type: 2}
      propertyPath: m_RootOrder
      value: 5
      objectReference: {fileID: 0}
    - target: {fileID: 224586678184848430, guid: ddb963bcde7d8a04a88b3ee4709f46c7,
        type: 2}
      propertyPath: m_AnchoredPosition.x
      value: 0
      objectReference: {fileID: 0}
    - target: {fileID: 224586678184848430, guid: ddb963bcde7d8a04a88b3ee4709f46c7,
        type: 2}
      propertyPath: m_AnchoredPosition.y
      value: 1.383
      objectReference: {fileID: 0}
    - target: {fileID: 224586678184848430, guid: ddb963bcde7d8a04a88b3ee4709f46c7,
        type: 2}
      propertyPath: m_SizeDelta.x
      value: 1200
      objectReference: {fileID: 0}
    - target: {fileID: 224586678184848430, guid: ddb963bcde7d8a04a88b3ee4709f46c7,
        type: 2}
      propertyPath: m_SizeDelta.y
      value: 600
      objectReference: {fileID: 0}
    - target: {fileID: 224586678184848430, guid: ddb963bcde7d8a04a88b3ee4709f46c7,
        type: 2}
      propertyPath: m_AnchorMin.x
      value: 0
      objectReference: {fileID: 0}
    - target: {fileID: 224586678184848430, guid: ddb963bcde7d8a04a88b3ee4709f46c7,
        type: 2}
      propertyPath: m_AnchorMin.y
      value: 0
      objectReference: {fileID: 0}
    - target: {fileID: 224586678184848430, guid: ddb963bcde7d8a04a88b3ee4709f46c7,
        type: 2}
      propertyPath: m_AnchorMax.x
      value: 0
      objectReference: {fileID: 0}
    - target: {fileID: 224586678184848430, guid: ddb963bcde7d8a04a88b3ee4709f46c7,
        type: 2}
      propertyPath: m_AnchorMax.y
      value: 0
      objectReference: {fileID: 0}
    - target: {fileID: 224586678184848430, guid: ddb963bcde7d8a04a88b3ee4709f46c7,
        type: 2}
      propertyPath: m_Pivot.x
      value: 0.5
      objectReference: {fileID: 0}
    - target: {fileID: 224586678184848430, guid: ddb963bcde7d8a04a88b3ee4709f46c7,
        type: 2}
      propertyPath: m_Pivot.y
      value: 0.5
      objectReference: {fileID: 0}
    - target: {fileID: 1620922654972176, guid: ddb963bcde7d8a04a88b3ee4709f46c7, type: 2}
      propertyPath: m_Name
      value: CanvasWithDebug
      objectReference: {fileID: 0}
    - target: {fileID: 224850501658498312, guid: ddb963bcde7d8a04a88b3ee4709f46c7,
        type: 2}
      propertyPath: m_SizeDelta.x
      value: 575
      objectReference: {fileID: 0}
    - target: {fileID: 114778957838386506, guid: ddb963bcde7d8a04a88b3ee4709f46c7,
        type: 2}
      propertyPath: manuallyResizeContentPanels
      value: 1
      objectReference: {fileID: 0}
    - target: {fileID: 114778957838386506, guid: ddb963bcde7d8a04a88b3ee4709f46c7,
        type: 2}
      propertyPath: laserBeamBehavior
      value: 2
      objectReference: {fileID: 0}
    - target: {fileID: 1620922654972176, guid: ddb963bcde7d8a04a88b3ee4709f46c7, type: 2}
      propertyPath: m_IsActive
      value: 0
      objectReference: {fileID: 0}
    m_RemovedComponents: []
  m_ParentPrefab: {fileID: 100100000, guid: ddb963bcde7d8a04a88b3ee4709f46c7, type: 2}
  m_IsPrefabParent: 0
--- !u!1 &122416339
GameObject:
  m_ObjectHideFlags: 0
  m_PrefabParentObject: {fileID: 1572053051241354, guid: 9a5db59d7293caf4d956c68c9ef90c20,
    type: 2}
  m_PrefabInternal: {fileID: 0}
  serializedVersion: 5
  m_Component:
  - component: {fileID: 122416340}
  - component: {fileID: 122416343}
  - component: {fileID: 122416342}
  - component: {fileID: 122416341}
  m_Layer: 0
  m_Name: table_01
  m_TagString: Untagged
  m_Icon: {fileID: 0}
  m_NavMeshLayer: 0
  m_StaticEditorFlags: 4294967295
  m_IsActive: 1
--- !u!4 &122416340
Transform:
  m_ObjectHideFlags: 0
  m_PrefabParentObject: {fileID: 4721429599361118, guid: 9a5db59d7293caf4d956c68c9ef90c20,
    type: 2}
  m_PrefabInternal: {fileID: 0}
  m_GameObject: {fileID: 122416339}
  m_LocalRotation: {x: -0, y: -0, z: -0, w: 1}
  m_LocalPosition: {x: 0.601, y: -0.08200002, z: -1.3540001}
  m_LocalScale: {x: 1, y: 0.85, z: 1}
  m_Children: []
  m_Father: {fileID: 0}
  m_RootOrder: 4
  m_LocalEulerAnglesHint: {x: 0, y: 0, z: 0}
--- !u!65 &122416341
BoxCollider:
  m_ObjectHideFlags: 0
  m_PrefabParentObject: {fileID: 65849593398159976, guid: 9a5db59d7293caf4d956c68c9ef90c20,
    type: 2}
  m_PrefabInternal: {fileID: 0}
  m_GameObject: {fileID: 122416339}
  m_Material: {fileID: 0}
  m_IsTrigger: 0
  m_Enabled: 0
  serializedVersion: 2
  m_Size: {x: 1.7533207, y: 1.109825, z: 1.2000003}
  m_Center: {x: -0.069930434, y: 0.5571541, z: 0.000000029802322}
--- !u!23 &122416342
MeshRenderer:
  m_ObjectHideFlags: 0
  m_PrefabParentObject: {fileID: 23642650232985774, guid: 9a5db59d7293caf4d956c68c9ef90c20,
    type: 2}
  m_PrefabInternal: {fileID: 0}
  m_GameObject: {fileID: 122416339}
  m_Enabled: 1
  m_CastShadows: 2
  m_ReceiveShadows: 1
  m_DynamicOccludee: 1
  m_MotionVectors: 1
  m_LightProbeUsage: 1
  m_ReflectionProbeUsage: 1
  m_Materials:
  - {fileID: 2100000, guid: e5f2807a3a3db72478caba0656566584, type: 2}
  m_StaticBatchInfo:
    firstSubMesh: 0
    subMeshCount: 0
  m_StaticBatchRoot: {fileID: 0}
  m_ProbeAnchor: {fileID: 0}
  m_LightProbeVolumeOverride: {fileID: 0}
  m_ScaleInLightmap: 1
  m_PreserveUVs: 0
  m_IgnoreNormalsForChartDetection: 0
  m_ImportantGI: 0
  m_StitchLightmapSeams: 0
  m_SelectedEditorRenderState: 3
  m_MinimumChartSize: 4
  m_AutoUVMaxDistance: 0.5
  m_AutoUVMaxAngle: 89
  m_LightmapParameters: {fileID: 0}
  m_SortingLayerID: 0
  m_SortingLayer: 0
  m_SortingOrder: 0
--- !u!33 &122416343
MeshFilter:
  m_ObjectHideFlags: 0
  m_PrefabParentObject: {fileID: 33659823822028686, guid: 9a5db59d7293caf4d956c68c9ef90c20,
    type: 2}
  m_PrefabInternal: {fileID: 0}
  m_GameObject: {fileID: 122416339}
  m_Mesh: {fileID: 4300002, guid: 1ee2328736527460b965c63e3bf6c1d8, type: 3}
--- !u!114 &221620271 stripped
MonoBehaviour:
  m_PrefabParentObject: {fileID: 114619746081397232, guid: 0242aa8515b4bc947a945a5c6df83ee9,
    type: 2}
  m_PrefabInternal: {fileID: 418288726}
  m_Script: {fileID: 11500000, guid: 6b388ff4c8d1f3644a143b16d45403ca, type: 3}
--- !u!1001 &418288726
Prefab:
  m_ObjectHideFlags: 0
  serializedVersion: 2
  m_Modification:
    m_TransformParent: {fileID: 857707721}
    m_Modifications:
    - target: {fileID: 4669234126623968, guid: 0242aa8515b4bc947a945a5c6df83ee9, type: 2}
      propertyPath: m_LocalPosition.x
      value: 0
      objectReference: {fileID: 0}
    - target: {fileID: 4669234126623968, guid: 0242aa8515b4bc947a945a5c6df83ee9, type: 2}
      propertyPath: m_LocalPosition.y
      value: 0
      objectReference: {fileID: 0}
    - target: {fileID: 4669234126623968, guid: 0242aa8515b4bc947a945a5c6df83ee9, type: 2}
      propertyPath: m_LocalPosition.z
      value: 0
      objectReference: {fileID: 0}
    - target: {fileID: 4669234126623968, guid: 0242aa8515b4bc947a945a5c6df83ee9, type: 2}
      propertyPath: m_LocalRotation.x
      value: -0
      objectReference: {fileID: 0}
    - target: {fileID: 4669234126623968, guid: 0242aa8515b4bc947a945a5c6df83ee9, type: 2}
      propertyPath: m_LocalRotation.y
      value: -0
      objectReference: {fileID: 0}
    - target: {fileID: 4669234126623968, guid: 0242aa8515b4bc947a945a5c6df83ee9, type: 2}
      propertyPath: m_LocalRotation.z
      value: 0.7071068
      objectReference: {fileID: 0}
    - target: {fileID: 4669234126623968, guid: 0242aa8515b4bc947a945a5c6df83ee9, type: 2}
      propertyPath: m_LocalRotation.w
      value: 0.7071067
      objectReference: {fileID: 0}
    - target: {fileID: 4669234126623968, guid: 0242aa8515b4bc947a945a5c6df83ee9, type: 2}
      propertyPath: m_RootOrder
      value: 0
      objectReference: {fileID: 0}
    - target: {fileID: 114619746081397232, guid: 0242aa8515b4bc947a945a5c6df83ee9,
        type: 2}
      propertyPath: m_parentTransform
      value: 
      objectReference: {fileID: 906020004}
    - target: {fileID: 114619746081397232, guid: 0242aa8515b4bc947a945a5c6df83ee9,
        type: 2}
      propertyPath: m_player
      value: 
      objectReference: {fileID: 906020005}
    - target: {fileID: 4669234126623968, guid: 0242aa8515b4bc947a945a5c6df83ee9, type: 2}
      propertyPath: m_LocalScale.x
      value: 1
      objectReference: {fileID: 0}
    - target: {fileID: 4669234126623968, guid: 0242aa8515b4bc947a945a5c6df83ee9, type: 2}
      propertyPath: m_LocalScale.y
      value: 1
      objectReference: {fileID: 0}
    - target: {fileID: 114619746081397232, guid: 0242aa8515b4bc947a945a5c6df83ee9,
        type: 2}
      propertyPath: m_focusColor.r
      value: 0
      objectReference: {fileID: 0}
    - target: {fileID: 114619746081397232, guid: 0242aa8515b4bc947a945a5c6df83ee9,
        type: 2}
      propertyPath: m_focusColor.g
      value: 0.91724133
      objectReference: {fileID: 0}
    - target: {fileID: 114619746081397232, guid: 0242aa8515b4bc947a945a5c6df83ee9,
        type: 2}
      propertyPath: m_focusColor.b
      value: 1
      objectReference: {fileID: 0}
    - target: {fileID: 1084107233972164, guid: 0242aa8515b4bc947a945a5c6df83ee9, type: 2}
      propertyPath: m_Layer
      value: 2
      objectReference: {fileID: 0}
    - target: {fileID: 1102748312874986, guid: 0242aa8515b4bc947a945a5c6df83ee9, type: 2}
      propertyPath: m_Layer
      value: 2
      objectReference: {fileID: 0}
    - target: {fileID: 1451499086829700, guid: 0242aa8515b4bc947a945a5c6df83ee9, type: 2}
      propertyPath: m_Layer
      value: 2
      objectReference: {fileID: 0}
    - target: {fileID: 1734135048954630, guid: 0242aa8515b4bc947a945a5c6df83ee9, type: 2}
      propertyPath: m_Layer
      value: 2
      objectReference: {fileID: 0}
    - target: {fileID: 1769452811268410, guid: 0242aa8515b4bc947a945a5c6df83ee9, type: 2}
      propertyPath: m_Layer
      value: 2
      objectReference: {fileID: 0}
    - target: {fileID: 1313465134055896, guid: 0242aa8515b4bc947a945a5c6df83ee9, type: 2}
      propertyPath: m_Layer
      value: 2
      objectReference: {fileID: 0}
    - target: {fileID: 1817058920168368, guid: 0242aa8515b4bc947a945a5c6df83ee9, type: 2}
      propertyPath: m_Layer
      value: 2
      objectReference: {fileID: 0}
    - target: {fileID: 1417945863516936, guid: 0242aa8515b4bc947a945a5c6df83ee9, type: 2}
      propertyPath: m_Layer
      value: 2
      objectReference: {fileID: 0}
    - target: {fileID: 1665198327369350, guid: 0242aa8515b4bc947a945a5c6df83ee9, type: 2}
      propertyPath: m_Layer
      value: 2
      objectReference: {fileID: 0}
    - target: {fileID: 1186523552486370, guid: 0242aa8515b4bc947a945a5c6df83ee9, type: 2}
      propertyPath: m_Layer
      value: 2
      objectReference: {fileID: 0}
    - target: {fileID: 1938637805145996, guid: 0242aa8515b4bc947a945a5c6df83ee9, type: 2}
      propertyPath: m_Layer
      value: 2
      objectReference: {fileID: 0}
    - target: {fileID: 1691140814362524, guid: 0242aa8515b4bc947a945a5c6df83ee9, type: 2}
      propertyPath: m_Layer
      value: 2
      objectReference: {fileID: 0}
    - target: {fileID: 1529883134446642, guid: 0242aa8515b4bc947a945a5c6df83ee9, type: 2}
      propertyPath: m_Layer
      value: 2
      objectReference: {fileID: 0}
    - target: {fileID: 1627055263749974, guid: 0242aa8515b4bc947a945a5c6df83ee9, type: 2}
      propertyPath: m_Layer
      value: 2
      objectReference: {fileID: 0}
    - target: {fileID: 1863154118187762, guid: 0242aa8515b4bc947a945a5c6df83ee9, type: 2}
      propertyPath: m_Layer
      value: 2
      objectReference: {fileID: 0}
    - target: {fileID: 1116651327030172, guid: 0242aa8515b4bc947a945a5c6df83ee9, type: 2}
      propertyPath: m_Layer
      value: 2
      objectReference: {fileID: 0}
    - target: {fileID: 1620805885933330, guid: 0242aa8515b4bc947a945a5c6df83ee9, type: 2}
      propertyPath: m_Layer
      value: 2
      objectReference: {fileID: 0}
    - target: {fileID: 1104616621324702, guid: 0242aa8515b4bc947a945a5c6df83ee9, type: 2}
      propertyPath: m_Layer
      value: 2
      objectReference: {fileID: 0}
    - target: {fileID: 1070823403338110, guid: 0242aa8515b4bc947a945a5c6df83ee9, type: 2}
      propertyPath: m_Layer
      value: 2
      objectReference: {fileID: 0}
    - target: {fileID: 1993980714051332, guid: 0242aa8515b4bc947a945a5c6df83ee9, type: 2}
      propertyPath: m_Layer
      value: 2
      objectReference: {fileID: 0}
    - target: {fileID: 1772149441302016, guid: 0242aa8515b4bc947a945a5c6df83ee9, type: 2}
      propertyPath: m_Layer
      value: 2
      objectReference: {fileID: 0}
    - target: {fileID: 1068267092838740, guid: 0242aa8515b4bc947a945a5c6df83ee9, type: 2}
      propertyPath: m_Layer
      value: 2
      objectReference: {fileID: 0}
    - target: {fileID: 1037795633814040, guid: 0242aa8515b4bc947a945a5c6df83ee9, type: 2}
      propertyPath: m_Layer
      value: 2
      objectReference: {fileID: 0}
    - target: {fileID: 1260516087928408, guid: 0242aa8515b4bc947a945a5c6df83ee9, type: 2}
      propertyPath: m_Layer
      value: 2
      objectReference: {fileID: 0}
    - target: {fileID: 1462808316301712, guid: 0242aa8515b4bc947a945a5c6df83ee9, type: 2}
      propertyPath: m_Layer
      value: 2
      objectReference: {fileID: 0}
    - target: {fileID: 1922284369593266, guid: 0242aa8515b4bc947a945a5c6df83ee9, type: 2}
      propertyPath: m_Layer
      value: 2
      objectReference: {fileID: 0}
    - target: {fileID: 1138043857970988, guid: 0242aa8515b4bc947a945a5c6df83ee9, type: 2}
      propertyPath: m_Layer
      value: 2
      objectReference: {fileID: 0}
    - target: {fileID: 1279447494325158, guid: 0242aa8515b4bc947a945a5c6df83ee9, type: 2}
      propertyPath: m_Layer
      value: 2
      objectReference: {fileID: 0}
    - target: {fileID: 1904329000549418, guid: 0242aa8515b4bc947a945a5c6df83ee9, type: 2}
      propertyPath: m_Layer
      value: 2
      objectReference: {fileID: 0}
    - target: {fileID: 1591203537693958, guid: 0242aa8515b4bc947a945a5c6df83ee9, type: 2}
      propertyPath: m_Layer
      value: 2
      objectReference: {fileID: 0}
    - target: {fileID: 1500111080068408, guid: 0242aa8515b4bc947a945a5c6df83ee9, type: 2}
      propertyPath: m_Layer
      value: 2
      objectReference: {fileID: 0}
    - target: {fileID: 1531090904348484, guid: 0242aa8515b4bc947a945a5c6df83ee9, type: 2}
      propertyPath: m_Layer
      value: 2
      objectReference: {fileID: 0}
    - target: {fileID: 1861219020876242, guid: 0242aa8515b4bc947a945a5c6df83ee9, type: 2}
      propertyPath: m_Layer
      value: 2
      objectReference: {fileID: 0}
    - target: {fileID: 1323791595301316, guid: 0242aa8515b4bc947a945a5c6df83ee9, type: 2}
      propertyPath: m_Layer
      value: 2
      objectReference: {fileID: 0}
    - target: {fileID: 1393668424392922, guid: 0242aa8515b4bc947a945a5c6df83ee9, type: 2}
      propertyPath: m_Layer
      value: 2
      objectReference: {fileID: 0}
    - target: {fileID: 1527600397383732, guid: 0242aa8515b4bc947a945a5c6df83ee9, type: 2}
      propertyPath: m_Layer
      value: 2
      objectReference: {fileID: 0}
    - target: {fileID: 1551090753857922, guid: 0242aa8515b4bc947a945a5c6df83ee9, type: 2}
      propertyPath: m_Layer
      value: 2
      objectReference: {fileID: 0}
    - target: {fileID: 1357548311718240, guid: 0242aa8515b4bc947a945a5c6df83ee9, type: 2}
      propertyPath: m_Layer
      value: 2
      objectReference: {fileID: 0}
    - target: {fileID: 1690008803536330, guid: 0242aa8515b4bc947a945a5c6df83ee9, type: 2}
      propertyPath: m_Layer
      value: 2
      objectReference: {fileID: 0}
    - target: {fileID: 1331507020109924, guid: 0242aa8515b4bc947a945a5c6df83ee9, type: 2}
      propertyPath: m_Layer
      value: 2
      objectReference: {fileID: 0}
    - target: {fileID: 1057725831386740, guid: 0242aa8515b4bc947a945a5c6df83ee9, type: 2}
      propertyPath: m_Layer
      value: 2
      objectReference: {fileID: 0}
    - target: {fileID: 1063396909025842, guid: 0242aa8515b4bc947a945a5c6df83ee9, type: 2}
      propertyPath: m_Layer
      value: 2
      objectReference: {fileID: 0}
    - target: {fileID: 1799938109294684, guid: 0242aa8515b4bc947a945a5c6df83ee9, type: 2}
      propertyPath: m_Layer
      value: 2
      objectReference: {fileID: 0}
    - target: {fileID: 1040086822841042, guid: 0242aa8515b4bc947a945a5c6df83ee9, type: 2}
      propertyPath: m_Layer
      value: 2
      objectReference: {fileID: 0}
    - target: {fileID: 1119626799681110, guid: 0242aa8515b4bc947a945a5c6df83ee9, type: 2}
      propertyPath: m_Layer
      value: 2
      objectReference: {fileID: 0}
    - target: {fileID: 1569739074591750, guid: 0242aa8515b4bc947a945a5c6df83ee9, type: 2}
      propertyPath: m_Layer
      value: 2
      objectReference: {fileID: 0}
    - target: {fileID: 1731231315978064, guid: 0242aa8515b4bc947a945a5c6df83ee9, type: 2}
      propertyPath: m_Layer
      value: 2
      objectReference: {fileID: 0}
    - target: {fileID: 1940681896941508, guid: 0242aa8515b4bc947a945a5c6df83ee9, type: 2}
      propertyPath: m_Layer
      value: 2
      objectReference: {fileID: 0}
    - target: {fileID: 1316673251538352, guid: 0242aa8515b4bc947a945a5c6df83ee9, type: 2}
      propertyPath: m_Layer
      value: 2
      objectReference: {fileID: 0}
    - target: {fileID: 1902294567994324, guid: 0242aa8515b4bc947a945a5c6df83ee9, type: 2}
      propertyPath: m_Layer
      value: 2
      objectReference: {fileID: 0}
    - target: {fileID: 1731738954305938, guid: 0242aa8515b4bc947a945a5c6df83ee9, type: 2}
      propertyPath: m_Layer
      value: 2
      objectReference: {fileID: 0}
    - target: {fileID: 1415055526124560, guid: 0242aa8515b4bc947a945a5c6df83ee9, type: 2}
      propertyPath: m_Layer
      value: 2
      objectReference: {fileID: 0}
    - target: {fileID: 1987095787755800, guid: 0242aa8515b4bc947a945a5c6df83ee9, type: 2}
      propertyPath: m_Layer
      value: 2
      objectReference: {fileID: 0}
    - target: {fileID: 1143909565044538, guid: 0242aa8515b4bc947a945a5c6df83ee9, type: 2}
      propertyPath: m_Layer
      value: 2
      objectReference: {fileID: 0}
    - target: {fileID: 1492627153780216, guid: 0242aa8515b4bc947a945a5c6df83ee9, type: 2}
      propertyPath: m_Layer
      value: 2
      objectReference: {fileID: 0}
    - target: {fileID: 1271589931628854, guid: 0242aa8515b4bc947a945a5c6df83ee9, type: 2}
      propertyPath: m_Layer
      value: 2
      objectReference: {fileID: 0}
    - target: {fileID: 1540762888044380, guid: 0242aa8515b4bc947a945a5c6df83ee9, type: 2}
      propertyPath: m_Layer
      value: 2
      objectReference: {fileID: 0}
    - target: {fileID: 1015442503795798, guid: 0242aa8515b4bc947a945a5c6df83ee9, type: 2}
      propertyPath: m_Layer
      value: 2
      objectReference: {fileID: 0}
    - target: {fileID: 1903670306856580, guid: 0242aa8515b4bc947a945a5c6df83ee9, type: 2}
      propertyPath: m_Layer
      value: 2
      objectReference: {fileID: 0}
    - target: {fileID: 1571185189594978, guid: 0242aa8515b4bc947a945a5c6df83ee9, type: 2}
      propertyPath: m_Layer
      value: 2
      objectReference: {fileID: 0}
    - target: {fileID: 1311357568202712, guid: 0242aa8515b4bc947a945a5c6df83ee9, type: 2}
      propertyPath: m_Layer
      value: 2
      objectReference: {fileID: 0}
    - target: {fileID: 1982563172446098, guid: 0242aa8515b4bc947a945a5c6df83ee9, type: 2}
      propertyPath: m_Layer
      value: 2
      objectReference: {fileID: 0}
    - target: {fileID: 1485789201878834, guid: 0242aa8515b4bc947a945a5c6df83ee9, type: 2}
      propertyPath: m_Layer
      value: 2
      objectReference: {fileID: 0}
    - target: {fileID: 1155275232377480, guid: 0242aa8515b4bc947a945a5c6df83ee9, type: 2}
      propertyPath: m_Layer
      value: 2
      objectReference: {fileID: 0}
    - target: {fileID: 1143577934196228, guid: 0242aa8515b4bc947a945a5c6df83ee9, type: 2}
      propertyPath: m_Layer
      value: 2
      objectReference: {fileID: 0}
    - target: {fileID: 1318284277708844, guid: 0242aa8515b4bc947a945a5c6df83ee9, type: 2}
      propertyPath: m_Layer
      value: 2
      objectReference: {fileID: 0}
    - target: {fileID: 1154556958739218, guid: 0242aa8515b4bc947a945a5c6df83ee9, type: 2}
      propertyPath: m_Layer
      value: 2
      objectReference: {fileID: 0}
    - target: {fileID: 1257328625634576, guid: 0242aa8515b4bc947a945a5c6df83ee9, type: 2}
      propertyPath: m_Layer
      value: 2
      objectReference: {fileID: 0}
    - target: {fileID: 1166973577702096, guid: 0242aa8515b4bc947a945a5c6df83ee9, type: 2}
      propertyPath: m_Layer
      value: 2
      objectReference: {fileID: 0}
    - target: {fileID: 1233136987484744, guid: 0242aa8515b4bc947a945a5c6df83ee9, type: 2}
      propertyPath: m_Layer
      value: 2
      objectReference: {fileID: 0}
    - target: {fileID: 1738164251949786, guid: 0242aa8515b4bc947a945a5c6df83ee9, type: 2}
      propertyPath: m_Layer
      value: 2
      objectReference: {fileID: 0}
    - target: {fileID: 1850826876447416, guid: 0242aa8515b4bc947a945a5c6df83ee9, type: 2}
      propertyPath: m_Layer
      value: 2
      objectReference: {fileID: 0}
    - target: {fileID: 1084317787493612, guid: 0242aa8515b4bc947a945a5c6df83ee9, type: 2}
      propertyPath: m_Layer
      value: 2
      objectReference: {fileID: 0}
    - target: {fileID: 1866584069462956, guid: 0242aa8515b4bc947a945a5c6df83ee9, type: 2}
      propertyPath: m_Layer
      value: 2
      objectReference: {fileID: 0}
    - target: {fileID: 1585292548528128, guid: 0242aa8515b4bc947a945a5c6df83ee9, type: 2}
      propertyPath: m_Layer
      value: 2
      objectReference: {fileID: 0}
    - target: {fileID: 1002143407721572, guid: 0242aa8515b4bc947a945a5c6df83ee9, type: 2}
      propertyPath: m_Layer
      value: 2
      objectReference: {fileID: 0}
    - target: {fileID: 1243086076472388, guid: 0242aa8515b4bc947a945a5c6df83ee9, type: 2}
      propertyPath: m_Layer
      value: 2
      objectReference: {fileID: 0}
    - target: {fileID: 1634882386095830, guid: 0242aa8515b4bc947a945a5c6df83ee9, type: 2}
      propertyPath: m_Layer
      value: 2
      objectReference: {fileID: 0}
    - target: {fileID: 1993262001651210, guid: 0242aa8515b4bc947a945a5c6df83ee9, type: 2}
      propertyPath: m_Layer
      value: 2
      objectReference: {fileID: 0}
    - target: {fileID: 1430776033605416, guid: 0242aa8515b4bc947a945a5c6df83ee9, type: 2}
      propertyPath: m_Layer
      value: 2
      objectReference: {fileID: 0}
    - target: {fileID: 1976274188744318, guid: 0242aa8515b4bc947a945a5c6df83ee9, type: 2}
      propertyPath: m_Layer
      value: 2
      objectReference: {fileID: 0}
    - target: {fileID: 1193610195172442, guid: 0242aa8515b4bc947a945a5c6df83ee9, type: 2}
      propertyPath: m_Layer
      value: 2
      objectReference: {fileID: 0}
    - target: {fileID: 1446984604519832, guid: 0242aa8515b4bc947a945a5c6df83ee9, type: 2}
      propertyPath: m_Layer
      value: 2
      objectReference: {fileID: 0}
    - target: {fileID: 1774018370166028, guid: 0242aa8515b4bc947a945a5c6df83ee9, type: 2}
      propertyPath: m_Layer
      value: 2
      objectReference: {fileID: 0}
    - target: {fileID: 1287992204724910, guid: 0242aa8515b4bc947a945a5c6df83ee9, type: 2}
      propertyPath: m_Layer
      value: 2
      objectReference: {fileID: 0}
    - target: {fileID: 114619746081397232, guid: 0242aa8515b4bc947a945a5c6df83ee9,
        type: 2}
      propertyPath: m_grabObjectsInLayer
      value: 0
      objectReference: {fileID: 0}
    - target: {fileID: 1620805885933330, guid: 0242aa8515b4bc947a945a5c6df83ee9, type: 2}
      propertyPath: m_IsActive
      value: 1
      objectReference: {fileID: 0}
    - target: {fileID: 1571185189594978, guid: 0242aa8515b4bc947a945a5c6df83ee9, type: 2}
      propertyPath: m_IsActive
      value: 0
      objectReference: {fileID: 0}
    - target: {fileID: 4068330964683288, guid: 0242aa8515b4bc947a945a5c6df83ee9, type: 2}
      propertyPath: m_RootOrder
      value: 1
      objectReference: {fileID: 0}
    m_RemovedComponents: []
  m_ParentPrefab: {fileID: 100100000, guid: 0242aa8515b4bc947a945a5c6df83ee9, type: 2}
  m_IsPrefabParent: 0
--- !u!4 &479085833 stripped
Transform:
  m_PrefabParentObject: {fileID: 4652049368236128, guid: 6fae51a9f4170334e8639e8dbfc0a54b,
    type: 2}
  m_PrefabInternal: {fileID: 1892500602}
--- !u!1001 &615774056
Prefab:
  m_ObjectHideFlags: 0
  serializedVersion: 2
  m_Modification:
    m_TransformParent: {fileID: 0}
    m_Modifications:
    - target: {fileID: 400000, guid: dcc5b281a3b0e4848a7adda5f5398ef9, type: 3}
      propertyPath: m_LocalPosition.x
      value: 1.5320001
      objectReference: {fileID: 0}
    - target: {fileID: 400000, guid: dcc5b281a3b0e4848a7adda5f5398ef9, type: 3}
      propertyPath: m_LocalPosition.y
      value: 0.08299999
      objectReference: {fileID: 0}
    - target: {fileID: 400000, guid: dcc5b281a3b0e4848a7adda5f5398ef9, type: 3}
      propertyPath: m_LocalPosition.z
      value: -1.3930001
      objectReference: {fileID: 0}
    - target: {fileID: 400000, guid: dcc5b281a3b0e4848a7adda5f5398ef9, type: 3}
      propertyPath: m_LocalRotation.x
      value: 0
      objectReference: {fileID: 0}
    - target: {fileID: 400000, guid: dcc5b281a3b0e4848a7adda5f5398ef9, type: 3}
      propertyPath: m_LocalRotation.y
      value: 0
      objectReference: {fileID: 0}
    - target: {fileID: 400000, guid: dcc5b281a3b0e4848a7adda5f5398ef9, type: 3}
      propertyPath: m_LocalRotation.z
      value: 0
      objectReference: {fileID: 0}
    - target: {fileID: 400000, guid: dcc5b281a3b0e4848a7adda5f5398ef9, type: 3}
      propertyPath: m_LocalRotation.w
      value: 1
      objectReference: {fileID: 0}
    - target: {fileID: 400000, guid: dcc5b281a3b0e4848a7adda5f5398ef9, type: 3}
      propertyPath: m_RootOrder
      value: 1
      objectReference: {fileID: 0}
    m_RemovedComponents: []
  m_ParentPrefab: {fileID: 100100000, guid: dcc5b281a3b0e4848a7adda5f5398ef9, type: 3}
  m_IsPrefabParent: 0
--- !u!1 &795164969
GameObject:
  m_ObjectHideFlags: 0
  m_PrefabParentObject: {fileID: 0}
  m_PrefabInternal: {fileID: 0}
  serializedVersion: 5
  m_Component:
  - component: {fileID: 795164970}
  - component: {fileID: 795164973}
  - component: {fileID: 795164972}
  - component: {fileID: 795164971}
  m_Layer: 0
  m_Name: Ground
  m_TagString: Untagged
  m_Icon: {fileID: 0}
  m_NavMeshLayer: 0
  m_StaticEditorFlags: 4294967295
  m_IsActive: 1
--- !u!4 &795164970
Transform:
  m_ObjectHideFlags: 0
  m_PrefabParentObject: {fileID: 0}
  m_PrefabInternal: {fileID: 0}
  m_GameObject: {fileID: 795164969}
  m_LocalRotation: {x: -0, y: -0, z: -0, w: 1}
  m_LocalPosition: {x: 0, y: -0.1, z: 0}
  m_LocalScale: {x: 12, y: 0.2, z: 12}
  m_Children: []
  m_Father: {fileID: 0}
  m_RootOrder: 6
  m_LocalEulerAnglesHint: {x: 0, y: 0, z: 0}
--- !u!23 &795164971
MeshRenderer:
  m_ObjectHideFlags: 0
  m_PrefabParentObject: {fileID: 0}
  m_PrefabInternal: {fileID: 0}
  m_GameObject: {fileID: 795164969}
  m_Enabled: 0
  m_CastShadows: 1
  m_ReceiveShadows: 1
  m_DynamicOccludee: 1
  m_MotionVectors: 1
  m_LightProbeUsage: 1
  m_ReflectionProbeUsage: 1
  m_Materials:
  - {fileID: 2100000, guid: 8d8daae58c69eef4e8ac3d976703af6b, type: 2}
  m_StaticBatchInfo:
    firstSubMesh: 0
    subMeshCount: 0
  m_StaticBatchRoot: {fileID: 0}
  m_ProbeAnchor: {fileID: 0}
  m_LightProbeVolumeOverride: {fileID: 0}
  m_ScaleInLightmap: 1
  m_PreserveUVs: 1
  m_IgnoreNormalsForChartDetection: 0
  m_ImportantGI: 0
  m_StitchLightmapSeams: 0
  m_SelectedEditorRenderState: 3
  m_MinimumChartSize: 4
  m_AutoUVMaxDistance: 0.5
  m_AutoUVMaxAngle: 89
  m_LightmapParameters: {fileID: 0}
  m_SortingLayerID: 0
  m_SortingLayer: 0
  m_SortingOrder: 0
--- !u!65 &795164972
BoxCollider:
  m_ObjectHideFlags: 0
  m_PrefabParentObject: {fileID: 0}
  m_PrefabInternal: {fileID: 0}
  m_GameObject: {fileID: 795164969}
  m_Material: {fileID: 0}
  m_IsTrigger: 0
  m_Enabled: 1
  serializedVersion: 2
  m_Size: {x: 1, y: 1, z: 1}
  m_Center: {x: 0, y: 0, z: 0}
--- !u!33 &795164973
MeshFilter:
  m_ObjectHideFlags: 0
  m_PrefabParentObject: {fileID: 0}
  m_PrefabInternal: {fileID: 0}
  m_GameObject: {fileID: 795164969}
  m_Mesh: {fileID: 10202, guid: 0000000000000000e000000000000000, type: 0}
--- !u!114 &818659478 stripped
MonoBehaviour:
  m_PrefabParentObject: {fileID: 114956354361317420, guid: 6fae51a9f4170334e8639e8dbfc0a54b,
    type: 2}
  m_PrefabInternal: {fileID: 1892500602}
  m_Script: {fileID: 11500000, guid: 6b388ff4c8d1f3644a143b16d45403ca, type: 3}
--- !u!1 &857707720
GameObject:
  m_ObjectHideFlags: 0
  m_PrefabParentObject: {fileID: 0}
  m_PrefabInternal: {fileID: 0}
  serializedVersion: 5
  m_Component:
  - component: {fileID: 857707721}
  m_Layer: 0
  m_Name: Dynamic
  m_TagString: Untagged
  m_Icon: {fileID: 0}
  m_NavMeshLayer: 0
  m_StaticEditorFlags: 0
  m_IsActive: 1
--- !u!4 &857707721
Transform:
  m_ObjectHideFlags: 0
  m_PrefabParentObject: {fileID: 0}
  m_PrefabInternal: {fileID: 0}
  m_GameObject: {fileID: 857707720}
  m_LocalRotation: {x: 0, y: 0, z: 0, w: 1}
  m_LocalPosition: {x: 0, y: 0, z: 0}
  m_LocalScale: {x: 1, y: 1, z: 1}
  m_Children:
  - {fileID: 1462685082}
  - {fileID: 1433348463}
  m_Father: {fileID: 1723585590}
  m_RootOrder: 0
  m_LocalEulerAnglesHint: {x: 0, y: 0, z: 0}
--- !u!1001 &906019998
Prefab:
  m_ObjectHideFlags: 0
  serializedVersion: 2
  m_Modification:
    m_TransformParent: {fileID: 0}
    m_Modifications:
    - target: {fileID: 400006, guid: ce816f2e6abb0504092c23ed9b970dfd, type: 2}
      propertyPath: m_LocalPosition.x
      value: 1.56
      objectReference: {fileID: 0}
    - target: {fileID: 400006, guid: ce816f2e6abb0504092c23ed9b970dfd, type: 2}
      propertyPath: m_LocalPosition.y
      value: 1.33
      objectReference: {fileID: 0}
    - target: {fileID: 400006, guid: ce816f2e6abb0504092c23ed9b970dfd, type: 2}
      propertyPath: m_LocalPosition.z
      value: -1.36
      objectReference: {fileID: 0}
    - target: {fileID: 400006, guid: ce816f2e6abb0504092c23ed9b970dfd, type: 2}
      propertyPath: m_LocalRotation.x
      value: 0
      objectReference: {fileID: 0}
    - target: {fileID: 400006, guid: ce816f2e6abb0504092c23ed9b970dfd, type: 2}
      propertyPath: m_LocalRotation.y
      value: -0.70296043
      objectReference: {fileID: 0}
    - target: {fileID: 400006, guid: ce816f2e6abb0504092c23ed9b970dfd, type: 2}
      propertyPath: m_LocalRotation.z
      value: 0
      objectReference: {fileID: 0}
    - target: {fileID: 400006, guid: ce816f2e6abb0504092c23ed9b970dfd, type: 2}
      propertyPath: m_LocalRotation.w
      value: 0.71122897
      objectReference: {fileID: 0}
    - target: {fileID: 400006, guid: ce816f2e6abb0504092c23ed9b970dfd, type: 2}
      propertyPath: m_RootOrder
      value: 0
      objectReference: {fileID: 0}
    - target: {fileID: 100010, guid: ce816f2e6abb0504092c23ed9b970dfd, type: 2}
      propertyPath: m_TagString
      value: MainCamera
      objectReference: {fileID: 0}
    - target: {fileID: 100014, guid: ce816f2e6abb0504092c23ed9b970dfd, type: 2}
      propertyPath: m_TagString
      value: MainCamera
      objectReference: {fileID: 0}
    - target: {fileID: 11400010, guid: ce816f2e6abb0504092c23ed9b970dfd, type: 2}
      propertyPath: HmdRotatesY
      value: 0
      objectReference: {fileID: 0}
    - target: {fileID: 100008, guid: ce816f2e6abb0504092c23ed9b970dfd, type: 2}
      propertyPath: m_IsActive
      value: 1
      objectReference: {fileID: 0}
    - target: {fileID: 400006, guid: ce816f2e6abb0504092c23ed9b970dfd, type: 2}
      propertyPath: m_LocalEulerAnglesHint.y
      value: -89.33
      objectReference: {fileID: 0}
    - target: {fileID: 11493974, guid: ce816f2e6abb0504092c23ed9b970dfd, type: 2}
      propertyPath: m_Enabled
      value: 1
      objectReference: {fileID: 0}
    - target: {fileID: 11462408, guid: ce816f2e6abb0504092c23ed9b970dfd, type: 2}
      propertyPath: m_Enabled
      value: 1
      objectReference: {fileID: 0}
    m_RemovedComponents: []
  m_ParentPrefab: {fileID: 100100000, guid: ce816f2e6abb0504092c23ed9b970dfd, type: 2}
  m_IsPrefabParent: 0
--- !u!4 &906019999 stripped
Transform:
  m_PrefabParentObject: {fileID: 400006, guid: ce816f2e6abb0504092c23ed9b970dfd, type: 2}
  m_PrefabInternal: {fileID: 906019998}
--- !u!1 &906020000 stripped
GameObject:
  m_PrefabParentObject: {fileID: 100014, guid: ce816f2e6abb0504092c23ed9b970dfd, type: 2}
  m_PrefabInternal: {fileID: 906019998}
--- !u!1 &906020001 stripped
GameObject:
  m_PrefabParentObject: {fileID: 100010, guid: ce816f2e6abb0504092c23ed9b970dfd, type: 2}
  m_PrefabInternal: {fileID: 906019998}
--- !u!20 &906020002
Camera:
  m_ObjectHideFlags: 0
  m_PrefabParentObject: {fileID: 0}
  m_PrefabInternal: {fileID: 0}
  m_GameObject: {fileID: 906020000}
  m_Enabled: 0
  serializedVersion: 2
  m_ClearFlags: 1
  m_BackGroundColor: {r: 0.19215687, g: 0.3019608, b: 0.4745098, a: 0}
  m_NormalizedViewPortRect:
    serializedVersion: 2
    x: 0
    y: 0
    width: 1
    height: 1
  near clip plane: 0.3
  far clip plane: 1000
  field of view: 60
  orthographic: 0
  orthographic size: 5
  m_Depth: 0
  m_CullingMask:
    serializedVersion: 2
    m_Bits: 4294967295
  m_RenderingPath: -1
  m_TargetTexture: {fileID: 0}
  m_TargetDisplay: 0
  m_TargetEye: 2
  m_HDR: 1
  m_AllowMSAA: 1
  m_AllowDynamicResolution: 0
  m_ForceIntoRT: 0
  m_OcclusionCulling: 1
  m_StereoConvergence: 10
  m_StereoSeparation: 0.022
--- !u!20 &906020003
Camera:
  m_ObjectHideFlags: 0
  m_PrefabParentObject: {fileID: 0}
  m_PrefabInternal: {fileID: 0}
  m_GameObject: {fileID: 906020001}
  m_Enabled: 0
  serializedVersion: 2
  m_ClearFlags: 1
  m_BackGroundColor: {r: 0.19215687, g: 0.3019608, b: 0.4745098, a: 0}
  m_NormalizedViewPortRect:
    serializedVersion: 2
    x: 0
    y: 0
    width: 1
    height: 1
  near clip plane: 0.3
  far clip plane: 1000
  field of view: 60
  orthographic: 0
  orthographic size: 5
  m_Depth: 0
  m_CullingMask:
    serializedVersion: 2
    m_Bits: 4294967295
  m_RenderingPath: -1
  m_TargetTexture: {fileID: 0}
  m_TargetDisplay: 0
  m_TargetEye: 1
  m_HDR: 1
  m_AllowMSAA: 1
  m_AllowDynamicResolution: 0
  m_ForceIntoRT: 0
  m_OcclusionCulling: 1
  m_StereoConvergence: 10
  m_StereoSeparation: 0.022
--- !u!4 &906020004 stripped
Transform:
  m_PrefabParentObject: {fileID: 400008, guid: ce816f2e6abb0504092c23ed9b970dfd, type: 2}
  m_PrefabInternal: {fileID: 906019998}
--- !u!1 &906020005 stripped
GameObject:
  m_PrefabParentObject: {fileID: 100008, guid: ce816f2e6abb0504092c23ed9b970dfd, type: 2}
  m_PrefabInternal: {fileID: 906019998}
--- !u!1 &948264689
GameObject:
  m_ObjectHideFlags: 0
  m_PrefabParentObject: {fileID: 0}
  m_PrefabInternal: {fileID: 0}
  serializedVersion: 5
  m_Component:
  - component: {fileID: 948264690}
  - component: {fileID: 948264693}
  - component: {fileID: 948264692}
  - component: {fileID: 948264691}
  m_Layer: 0
  m_Name: Sphere
  m_TagString: Untagged
  m_Icon: {fileID: 0}
  m_NavMeshLayer: 0
  m_StaticEditorFlags: 0
  m_IsActive: 1
--- !u!4 &948264690
Transform:
  m_ObjectHideFlags: 0
  m_PrefabParentObject: {fileID: 0}
  m_PrefabInternal: {fileID: 0}
  m_GameObject: {fileID: 948264689}
  m_LocalRotation: {x: -0, y: -0, z: -0.7071068, w: 0.7071067}
  m_LocalPosition: {x: 0, y: 0, z: 0}
  m_LocalScale: {x: 0.03999999, y: 0.03999999, z: 0.04}
  m_Children: []
  m_Father: {fileID: 1616748664}
  m_RootOrder: 0
  m_LocalEulerAnglesHint: {x: 0, y: 0, z: 0}
--- !u!23 &948264691
MeshRenderer:
  m_ObjectHideFlags: 0
  m_PrefabParentObject: {fileID: 0}
  m_PrefabInternal: {fileID: 0}
  m_GameObject: {fileID: 948264689}
  m_Enabled: 1
  m_CastShadows: 1
  m_ReceiveShadows: 1
  m_DynamicOccludee: 1
  m_MotionVectors: 1
  m_LightProbeUsage: 1
  m_ReflectionProbeUsage: 1
  m_Materials:
  - {fileID: 10303, guid: 0000000000000000f000000000000000, type: 0}
  m_StaticBatchInfo:
    firstSubMesh: 0
    subMeshCount: 0
  m_StaticBatchRoot: {fileID: 0}
  m_ProbeAnchor: {fileID: 0}
  m_LightProbeVolumeOverride: {fileID: 0}
  m_ScaleInLightmap: 1
  m_PreserveUVs: 1
  m_IgnoreNormalsForChartDetection: 0
  m_ImportantGI: 0
  m_StitchLightmapSeams: 0
  m_SelectedEditorRenderState: 3
  m_MinimumChartSize: 4
  m_AutoUVMaxDistance: 0.5
  m_AutoUVMaxAngle: 89
  m_LightmapParameters: {fileID: 0}
  m_SortingLayerID: 0
  m_SortingLayer: 0
  m_SortingOrder: 0
--- !u!135 &948264692
SphereCollider:
  m_ObjectHideFlags: 0
  m_PrefabParentObject: {fileID: 0}
  m_PrefabInternal: {fileID: 0}
  m_GameObject: {fileID: 948264689}
  m_Material: {fileID: 0}
  m_IsTrigger: 0
  m_Enabled: 1
  serializedVersion: 2
  m_Radius: 0.5
  m_Center: {x: 0, y: 0, z: 0}
--- !u!33 &948264693
MeshFilter:
  m_ObjectHideFlags: 0
  m_PrefabParentObject: {fileID: 0}
  m_PrefabInternal: {fileID: 0}
  m_GameObject: {fileID: 948264689}
  m_Mesh: {fileID: 10207, guid: 0000000000000000e000000000000000, type: 0}
--- !u!1001 &1013833005
Prefab:
  m_ObjectHideFlags: 0
  serializedVersion: 2
  m_Modification:
    m_TransformParent: {fileID: 0}
    m_Modifications:
    - target: {fileID: 4336069212068700, guid: 896823da4e1a73f49a5bf090b3a8d4e3, type: 2}
      propertyPath: m_LocalPosition.x
      value: 0
      objectReference: {fileID: 0}
    - target: {fileID: 4336069212068700, guid: 896823da4e1a73f49a5bf090b3a8d4e3, type: 2}
      propertyPath: m_LocalPosition.y
      value: -0.08200002
      objectReference: {fileID: 0}
    - target: {fileID: 4336069212068700, guid: 896823da4e1a73f49a5bf090b3a8d4e3, type: 2}
      propertyPath: m_LocalPosition.z
      value: 0
      objectReference: {fileID: 0}
    - target: {fileID: 4336069212068700, guid: 896823da4e1a73f49a5bf090b3a8d4e3, type: 2}
      propertyPath: m_LocalRotation.x
      value: -0
      objectReference: {fileID: 0}
    - target: {fileID: 4336069212068700, guid: 896823da4e1a73f49a5bf090b3a8d4e3, type: 2}
      propertyPath: m_LocalRotation.y
      value: -0
      objectReference: {fileID: 0}
    - target: {fileID: 4336069212068700, guid: 896823da4e1a73f49a5bf090b3a8d4e3, type: 2}
      propertyPath: m_LocalRotation.z
      value: -0
      objectReference: {fileID: 0}
    - target: {fileID: 4336069212068700, guid: 896823da4e1a73f49a5bf090b3a8d4e3, type: 2}
      propertyPath: m_LocalRotation.w
      value: 1
      objectReference: {fileID: 0}
    - target: {fileID: 4336069212068700, guid: 896823da4e1a73f49a5bf090b3a8d4e3, type: 2}
      propertyPath: m_RootOrder
      value: 3
      objectReference: {fileID: 0}
    - target: {fileID: 1415668003994364, guid: 896823da4e1a73f49a5bf090b3a8d4e3, type: 2}
      propertyPath: m_IsActive
      value: 0
      objectReference: {fileID: 0}
    - target: {fileID: 1242314613135500, guid: 896823da4e1a73f49a5bf090b3a8d4e3, type: 2}
      propertyPath: m_IsActive
      value: 0
      objectReference: {fileID: 0}
    m_RemovedComponents: []
  m_ParentPrefab: {fileID: 100100000, guid: 896823da4e1a73f49a5bf090b3a8d4e3, type: 2}
  m_IsPrefabParent: 0
--- !u!4 &1433348463 stripped
Transform:
  m_PrefabParentObject: {fileID: 4580194091363106, guid: 6fae51a9f4170334e8639e8dbfc0a54b,
    type: 2}
  m_PrefabInternal: {fileID: 1892500602}
--- !u!4 &1462685082 stripped
Transform:
  m_PrefabParentObject: {fileID: 4669234126623968, guid: 0242aa8515b4bc947a945a5c6df83ee9,
    type: 2}
  m_PrefabInternal: {fileID: 418288726}
--- !u!4 &1616748664 stripped
Transform:
  m_PrefabParentObject: {fileID: 4832889473050692, guid: 0242aa8515b4bc947a945a5c6df83ee9,
    type: 2}
  m_PrefabInternal: {fileID: 418288726}
--- !u!1001 &1689630492
Prefab:
  m_ObjectHideFlags: 0
  serializedVersion: 2
  m_Modification:
    m_TransformParent: {fileID: 1809006971}
    m_Modifications:
    - target: {fileID: 400054, guid: 8591f65ba3462f7489f970df38f0aff8, type: 3}
      propertyPath: m_LocalPosition.x
      value: -46.837288
      objectReference: {fileID: 0}
    - target: {fileID: 400054, guid: 8591f65ba3462f7489f970df38f0aff8, type: 3}
      propertyPath: m_LocalPosition.y
      value: -17.245098
      objectReference: {fileID: 0}
    - target: {fileID: 400054, guid: 8591f65ba3462f7489f970df38f0aff8, type: 3}
      propertyPath: m_LocalPosition.z
      value: -10.696398
      objectReference: {fileID: 0}
    - target: {fileID: 400054, guid: 8591f65ba3462f7489f970df38f0aff8, type: 3}
      propertyPath: m_LocalRotation.x
      value: -0.007910386
      objectReference: {fileID: 0}
    - target: {fileID: 400054, guid: 8591f65ba3462f7489f970df38f0aff8, type: 3}
      propertyPath: m_LocalRotation.y
      value: -0.56715167
      objectReference: {fileID: 0}
    - target: {fileID: 400054, guid: 8591f65ba3462f7489f970df38f0aff8, type: 3}
      propertyPath: m_LocalRotation.z
      value: -0.04747339
      objectReference: {fileID: 0}
    - target: {fileID: 400054, guid: 8591f65ba3462f7489f970df38f0aff8, type: 3}
      propertyPath: m_LocalRotation.w
      value: 0.8222061
      objectReference: {fileID: 0}
    - target: {fileID: 400054, guid: 8591f65ba3462f7489f970df38f0aff8, type: 3}
      propertyPath: m_RootOrder
      value: 1
      objectReference: {fileID: 0}
    - target: {fileID: 13700000, guid: 8591f65ba3462f7489f970df38f0aff8, type: 3}
      propertyPath: m_Materials.Array.data[0]
      value: 
      objectReference: {fileID: 2100000, guid: 976eee8a2cd34fc48801243e721e5d68, type: 2}
    - target: {fileID: 400054, guid: 8591f65ba3462f7489f970df38f0aff8, type: 3}
      propertyPath: m_LocalEulerAnglesHint.y
      value: -27.76
      objectReference: {fileID: 0}
    - target: {fileID: 400054, guid: 8591f65ba3462f7489f970df38f0aff8, type: 3}
      propertyPath: m_LocalScale.x
      value: 100.000015
      objectReference: {fileID: 0}
    - target: {fileID: 400054, guid: 8591f65ba3462f7489f970df38f0aff8, type: 3}
      propertyPath: m_LocalScale.y
      value: 100
      objectReference: {fileID: 0}
    - target: {fileID: 400054, guid: 8591f65ba3462f7489f970df38f0aff8, type: 3}
      propertyPath: m_LocalScale.z
      value: 100
      objectReference: {fileID: 0}
    m_RemovedComponents: []
  m_ParentPrefab: {fileID: 100100000, guid: 8591f65ba3462f7489f970df38f0aff8, type: 3}
  m_IsPrefabParent: 0
--- !u!1 &1723585589
GameObject:
  m_ObjectHideFlags: 0
  m_PrefabParentObject: {fileID: 0}
  m_PrefabInternal: {fileID: 0}
  serializedVersion: 5
  m_Component:
  - component: {fileID: 1723585590}
  m_Layer: 0
  m_Name: Environment
  m_TagString: Untagged
  m_Icon: {fileID: 0}
  m_NavMeshLayer: 0
  m_StaticEditorFlags: 0
  m_IsActive: 1
--- !u!4 &1723585590
Transform:
  m_ObjectHideFlags: 0
  m_PrefabParentObject: {fileID: 0}
  m_PrefabInternal: {fileID: 0}
  m_GameObject: {fileID: 1723585589}
  m_LocalRotation: {x: 0, y: 0, z: 0, w: 1}
  m_LocalPosition: {x: 0, y: 0, z: 0}
  m_LocalScale: {x: 1, y: 1, z: 1}
  m_Children:
  - {fileID: 857707721}
  m_Father: {fileID: 0}
  m_RootOrder: 7
  m_LocalEulerAnglesHint: {x: 0, y: 0, z: 0}
--- !u!1001 &1809006970
Prefab:
  m_ObjectHideFlags: 0
  serializedVersion: 2
  m_Modification:
    m_TransformParent: {fileID: 0}
    m_Modifications:
    - target: {fileID: 400244, guid: b3111533266c52e45b28285f0cf15df9, type: 3}
      propertyPath: m_LocalPosition.x
      value: 1.602
      objectReference: {fileID: 0}
    - target: {fileID: 400244, guid: b3111533266c52e45b28285f0cf15df9, type: 3}
      propertyPath: m_LocalPosition.y
      value: -0.37
      objectReference: {fileID: 0}
    - target: {fileID: 400244, guid: b3111533266c52e45b28285f0cf15df9, type: 3}
      propertyPath: m_LocalPosition.z
      value: -1.363
      objectReference: {fileID: 0}
    - target: {fileID: 400244, guid: b3111533266c52e45b28285f0cf15df9, type: 3}
      propertyPath: m_LocalRotation.x
      value: 0
      objectReference: {fileID: 0}
    - target: {fileID: 400244, guid: b3111533266c52e45b28285f0cf15df9, type: 3}
      propertyPath: m_LocalRotation.y
      value: -0.67738974
      objectReference: {fileID: 0}
    - target: {fileID: 400244, guid: b3111533266c52e45b28285f0cf15df9, type: 3}
      propertyPath: m_LocalRotation.z
      value: 0
      objectReference: {fileID: 0}
    - target: {fileID: 400244, guid: b3111533266c52e45b28285f0cf15df9, type: 3}
      propertyPath: m_LocalRotation.w
      value: 0.7356244
      objectReference: {fileID: 0}
    - target: {fileID: 400244, guid: b3111533266c52e45b28285f0cf15df9, type: 3}
      propertyPath: m_RootOrder
      value: 2
      objectReference: {fileID: 0}
    - target: {fileID: 400244, guid: b3111533266c52e45b28285f0cf15df9, type: 3}
      propertyPath: m_LocalEulerAnglesHint.y
      value: -85.28
      objectReference: {fileID: 0}
    - target: {fileID: 400162, guid: b3111533266c52e45b28285f0cf15df9, type: 3}
      propertyPath: m_LocalRotation.x
      value: -0.7071068
      objectReference: {fileID: 0}
    - target: {fileID: 400162, guid: b3111533266c52e45b28285f0cf15df9, type: 3}
      propertyPath: m_LocalRotation.y
      value: 0
      objectReference: {fileID: 0}
    - target: {fileID: 400162, guid: b3111533266c52e45b28285f0cf15df9, type: 3}
      propertyPath: m_LocalRotation.z
      value: 0
      objectReference: {fileID: 0}
    - target: {fileID: 400162, guid: b3111533266c52e45b28285f0cf15df9, type: 3}
      propertyPath: m_LocalRotation.w
      value: 0.7071068
      objectReference: {fileID: 0}
    - target: {fileID: 400162, guid: b3111533266c52e45b28285f0cf15df9, type: 3}
      propertyPath: m_LocalEulerAnglesHint.x
      value: -90
      objectReference: {fileID: 0}
    - target: {fileID: 400220, guid: b3111533266c52e45b28285f0cf15df9, type: 3}
      propertyPath: m_LocalRotation.x
      value: -0.7071068
      objectReference: {fileID: 0}
    - target: {fileID: 400220, guid: b3111533266c52e45b28285f0cf15df9, type: 3}
      propertyPath: m_LocalRotation.y
      value: 0
      objectReference: {fileID: 0}
    - target: {fileID: 400220, guid: b3111533266c52e45b28285f0cf15df9, type: 3}
      propertyPath: m_LocalRotation.z
      value: 0
      objectReference: {fileID: 0}
    - target: {fileID: 400220, guid: b3111533266c52e45b28285f0cf15df9, type: 3}
      propertyPath: m_LocalRotation.w
      value: 0.7071068
      objectReference: {fileID: 0}
    - target: {fileID: 400220, guid: b3111533266c52e45b28285f0cf15df9, type: 3}
      propertyPath: m_LocalEulerAnglesHint.x
      value: -90
      objectReference: {fileID: 0}
    - target: {fileID: 400128, guid: b3111533266c52e45b28285f0cf15df9, type: 3}
      propertyPath: m_LocalRotation.x
      value: 0.7071068
      objectReference: {fileID: 0}
    - target: {fileID: 400128, guid: b3111533266c52e45b28285f0cf15df9, type: 3}
      propertyPath: m_LocalRotation.y
      value: 0
      objectReference: {fileID: 0}
    - target: {fileID: 400128, guid: b3111533266c52e45b28285f0cf15df9, type: 3}
      propertyPath: m_LocalRotation.z
      value: 0
      objectReference: {fileID: 0}
    - target: {fileID: 400128, guid: b3111533266c52e45b28285f0cf15df9, type: 3}
      propertyPath: m_LocalRotation.w
      value: 0.7071068
      objectReference: {fileID: 0}
    - target: {fileID: 400128, guid: b3111533266c52e45b28285f0cf15df9, type: 3}
      propertyPath: m_LocalEulerAnglesHint.x
      value: 90
      objectReference: {fileID: 0}
    - target: {fileID: 400186, guid: b3111533266c52e45b28285f0cf15df9, type: 3}
      propertyPath: m_LocalRotation.x
      value: 0.7071068
      objectReference: {fileID: 0}
    - target: {fileID: 400186, guid: b3111533266c52e45b28285f0cf15df9, type: 3}
      propertyPath: m_LocalRotation.y
      value: 0
      objectReference: {fileID: 0}
    - target: {fileID: 400186, guid: b3111533266c52e45b28285f0cf15df9, type: 3}
      propertyPath: m_LocalRotation.z
      value: 0
      objectReference: {fileID: 0}
    - target: {fileID: 400186, guid: b3111533266c52e45b28285f0cf15df9, type: 3}
      propertyPath: m_LocalRotation.w
      value: 0.7071068
      objectReference: {fileID: 0}
    - target: {fileID: 400186, guid: b3111533266c52e45b28285f0cf15df9, type: 3}
      propertyPath: m_LocalEulerAnglesHint.x
      value: 90
      objectReference: {fileID: 0}
    - target: {fileID: 400204, guid: b3111533266c52e45b28285f0cf15df9, type: 3}
      propertyPath: m_LocalRotation.y
      value: 0
      objectReference: {fileID: 0}
    - target: {fileID: 400204, guid: b3111533266c52e45b28285f0cf15df9, type: 3}
      propertyPath: m_LocalRotation.z
      value: 0
      objectReference: {fileID: 0}
    - target: {fileID: 400204, guid: b3111533266c52e45b28285f0cf15df9, type: 3}
      propertyPath: m_LocalRotation.w
      value: 1
      objectReference: {fileID: 0}
    - target: {fileID: 400204, guid: b3111533266c52e45b28285f0cf15df9, type: 3}
      propertyPath: m_LocalEulerAnglesHint.y
      value: 0
      objectReference: {fileID: 0}
    - target: {fileID: 400204, guid: b3111533266c52e45b28285f0cf15df9, type: 3}
      propertyPath: m_LocalEulerAnglesHint.z
      value: 0
      objectReference: {fileID: 0}
    - target: {fileID: 400218, guid: b3111533266c52e45b28285f0cf15df9, type: 3}
      propertyPath: m_LocalRotation.y
      value: -0.6752828
      objectReference: {fileID: 0}
    - target: {fileID: 400218, guid: b3111533266c52e45b28285f0cf15df9, type: 3}
      propertyPath: m_LocalRotation.z
      value: -0.20974544
      objectReference: {fileID: 0}
    - target: {fileID: 400218, guid: b3111533266c52e45b28285f0cf15df9, type: 3}
      propertyPath: m_LocalRotation.w
      value: 0.6752828
      objectReference: {fileID: 0}
    - target: {fileID: 400218, guid: b3111533266c52e45b28285f0cf15df9, type: 3}
      propertyPath: m_LocalEulerAnglesHint.y
      value: -90
      objectReference: {fileID: 0}
    - target: {fileID: 400218, guid: b3111533266c52e45b28285f0cf15df9, type: 3}
      propertyPath: m_LocalRotation.x
      value: 0.20974544
      objectReference: {fileID: 0}
    - target: {fileID: 400218, guid: b3111533266c52e45b28285f0cf15df9, type: 3}
      propertyPath: m_LocalEulerAnglesHint.z
      value: -34.51
      objectReference: {fileID: 0}
    - target: {fileID: 400184, guid: b3111533266c52e45b28285f0cf15df9, type: 3}
      propertyPath: m_LocalRotation.y
      value: 0
      objectReference: {fileID: 0}
    - target: {fileID: 400184, guid: b3111533266c52e45b28285f0cf15df9, type: 3}
      propertyPath: m_LocalRotation.z
      value: 0.27614054
      objectReference: {fileID: 0}
    - target: {fileID: 400184, guid: b3111533266c52e45b28285f0cf15df9, type: 3}
      propertyPath: m_LocalEulerAnglesHint.z
      value: 32.06
      objectReference: {fileID: 0}
    - target: {fileID: 400184, guid: b3111533266c52e45b28285f0cf15df9, type: 3}
      propertyPath: m_LocalRotation.w
      value: 0.96111727
      objectReference: {fileID: 0}
    - target: {fileID: 400160, guid: b3111533266c52e45b28285f0cf15df9, type: 3}
      propertyPath: m_LocalRotation.y
      value: 0.47098672
      objectReference: {fileID: 0}
    - target: {fileID: 400160, guid: b3111533266c52e45b28285f0cf15df9, type: 3}
      propertyPath: m_LocalRotation.z
      value: 0.25804162
      objectReference: {fileID: 0}
    - target: {fileID: 400160, guid: b3111533266c52e45b28285f0cf15df9, type: 3}
      propertyPath: m_LocalRotation.w
      value: 0.8307739
      objectReference: {fileID: 0}
    - target: {fileID: 400160, guid: b3111533266c52e45b28285f0cf15df9, type: 3}
      propertyPath: m_LocalEulerAnglesHint.y
      value: 59.1
      objectReference: {fileID: 0}
    - target: {fileID: 400160, guid: b3111533266c52e45b28285f0cf15df9, type: 3}
      propertyPath: m_LocalRotation.x
      value: 0.14629032
      objectReference: {fileID: 0}
    - target: {fileID: 400160, guid: b3111533266c52e45b28285f0cf15df9, type: 3}
      propertyPath: m_LocalEulerAnglesHint.z
      value: 34.51
      objectReference: {fileID: 0}
    - target: {fileID: 400126, guid: b3111533266c52e45b28285f0cf15df9, type: 3}
      propertyPath: m_LocalRotation.y
      value: 0.5285968
      objectReference: {fileID: 0}
    - target: {fileID: 400126, guid: b3111533266c52e45b28285f0cf15df9, type: 3}
      propertyPath: m_LocalRotation.z
      value: -0.20074648
      objectReference: {fileID: 0}
    - target: {fileID: 400126, guid: b3111533266c52e45b28285f0cf15df9, type: 3}
      propertyPath: m_LocalRotation.w
      value: 0.8067078
      objectReference: {fileID: 0}
    - target: {fileID: 400126, guid: b3111533266c52e45b28285f0cf15df9, type: 3}
      propertyPath: m_LocalEulerAnglesHint.z
      value: -9.39
      objectReference: {fileID: 0}
    - target: {fileID: 13700000, guid: b3111533266c52e45b28285f0cf15df9, type: 3}
      propertyPath: m_Materials.Array.data[1]
      value: 
      objectReference: {fileID: 2100000, guid: 2a05e7294ade13946b809cabcd9a4096, type: 2}
    - target: {fileID: 400096, guid: b3111533266c52e45b28285f0cf15df9, type: 3}
      propertyPath: m_LocalScale.x
      value: 0.1
      objectReference: {fileID: 0}
    - target: {fileID: 400096, guid: b3111533266c52e45b28285f0cf15df9, type: 3}
      propertyPath: m_LocalScale.y
      value: 0.1
      objectReference: {fileID: 0}
    - target: {fileID: 400096, guid: b3111533266c52e45b28285f0cf15df9, type: 3}
      propertyPath: m_LocalScale.z
      value: 0.1
      objectReference: {fileID: 0}
    - target: {fileID: 400096, guid: b3111533266c52e45b28285f0cf15df9, type: 3}
      propertyPath: m_LocalPosition.y
      value: -0.022
      objectReference: {fileID: 0}
    - target: {fileID: 400126, guid: b3111533266c52e45b28285f0cf15df9, type: 3}
      propertyPath: m_LocalRotation.x
      value: 0.17178126
      objectReference: {fileID: 0}
    - target: {fileID: 400126, guid: b3111533266c52e45b28285f0cf15df9, type: 3}
      propertyPath: m_LocalEulerAnglesHint.y
      value: 64.01
      objectReference: {fileID: 0}
    - target: {fileID: 400126, guid: b3111533266c52e45b28285f0cf15df9, type: 3}
      propertyPath: m_LocalEulerAnglesHint.x
      value: 29.3
      objectReference: {fileID: 0}
    - target: {fileID: 400160, guid: b3111533266c52e45b28285f0cf15df9, type: 3}
      propertyPath: m_LocalScale.x
      value: 0.01
      objectReference: {fileID: 0}
    - target: {fileID: 400160, guid: b3111533266c52e45b28285f0cf15df9, type: 3}
      propertyPath: m_LocalScale.y
      value: 0.01
      objectReference: {fileID: 0}
    - target: {fileID: 400160, guid: b3111533266c52e45b28285f0cf15df9, type: 3}
      propertyPath: m_LocalScale.z
      value: 0.01
      objectReference: {fileID: 0}
    - target: {fileID: 400160, guid: b3111533266c52e45b28285f0cf15df9, type: 3}
      propertyPath: m_LocalPosition.x
      value: -0.158
      objectReference: {fileID: 0}
    - target: {fileID: 400160, guid: b3111533266c52e45b28285f0cf15df9, type: 3}
      propertyPath: m_LocalPosition.y
      value: -0.045
      objectReference: {fileID: 0}
    - target: {fileID: 400160, guid: b3111533266c52e45b28285f0cf15df9, type: 3}
      propertyPath: m_LocalPosition.z
      value: 0.033
      objectReference: {fileID: 0}
    - target: {fileID: 400222, guid: b3111533266c52e45b28285f0cf15df9, type: 3}
      propertyPath: m_RootOrder
      value: 2
      objectReference: {fileID: 0}
    m_RemovedComponents: []
  m_ParentPrefab: {fileID: 100100000, guid: b3111533266c52e45b28285f0cf15df9, type: 3}
  m_IsPrefabParent: 0
--- !u!4 &1809006971 stripped
Transform:
  m_PrefabParentObject: {fileID: 400126, guid: b3111533266c52e45b28285f0cf15df9, type: 3}
  m_PrefabInternal: {fileID: 1809006970}
--- !u!1 &1809586551
GameObject:
  m_ObjectHideFlags: 0
  m_PrefabParentObject: {fileID: 0}
  m_PrefabInternal: {fileID: 0}
  serializedVersion: 5
  m_Component:
  - component: {fileID: 1809586552}
  - component: {fileID: 1809586553}
  m_Layer: 0
  m_Name: DistanceGrabberSampleScript
  m_TagString: Untagged
  m_Icon: {fileID: 0}
  m_NavMeshLayer: 0
  m_StaticEditorFlags: 0
  m_IsActive: 1
--- !u!4 &1809586552
Transform:
  m_ObjectHideFlags: 0
  m_PrefabParentObject: {fileID: 0}
  m_PrefabInternal: {fileID: 0}
  m_GameObject: {fileID: 1809586551}
  m_LocalRotation: {x: 0, y: 0, z: 0, w: 1}
  m_LocalPosition: {x: 0, y: 0, z: 0}
  m_LocalScale: {x: 1, y: 1, z: 1}
  m_Children: []
  m_Father: {fileID: 0}
  m_RootOrder: 8
  m_LocalEulerAnglesHint: {x: 0, y: 0, z: 0}
--- !u!114 &1809586553
MonoBehaviour:
  m_ObjectHideFlags: 0
  m_PrefabParentObject: {fileID: 0}
  m_PrefabInternal: {fileID: 0}
  m_GameObject: {fileID: 1809586551}
  m_Enabled: 1
  m_EditorHideFlags: 0
  m_Script: {fileID: 11500000, guid: b4138e8f8ee53464d80d2449b3b23092, type: 3}
  m_Name: 
  m_EditorClassIdentifier: 
  m_grabbers:
  - {fileID: 221620271}
  - {fileID: 818659478}
--- !u!1001 &1820929961
Prefab:
  m_ObjectHideFlags: 0
  serializedVersion: 2
  m_Modification:
    m_TransformParent: {fileID: 479085833}
    m_Modifications:
    - target: {fileID: 400004, guid: 280a741ffb9f68b4c985baa8b0991056, type: 3}
      propertyPath: m_LocalPosition.x
      value: 0
      objectReference: {fileID: 0}
    - target: {fileID: 400004, guid: 280a741ffb9f68b4c985baa8b0991056, type: 3}
      propertyPath: m_LocalPosition.y
      value: 0
      objectReference: {fileID: 0}
    - target: {fileID: 400004, guid: 280a741ffb9f68b4c985baa8b0991056, type: 3}
      propertyPath: m_LocalPosition.z
      value: 0
      objectReference: {fileID: 0}
    - target: {fileID: 400004, guid: 280a741ffb9f68b4c985baa8b0991056, type: 3}
      propertyPath: m_LocalRotation.x
      value: -0
      objectReference: {fileID: 0}
    - target: {fileID: 400004, guid: 280a741ffb9f68b4c985baa8b0991056, type: 3}
      propertyPath: m_LocalRotation.y
      value: -0
      objectReference: {fileID: 0}
    - target: {fileID: 400004, guid: 280a741ffb9f68b4c985baa8b0991056, type: 3}
      propertyPath: m_LocalRotation.z
      value: 0.7071068
      objectReference: {fileID: 0}
    - target: {fileID: 400004, guid: 280a741ffb9f68b4c985baa8b0991056, type: 3}
      propertyPath: m_LocalRotation.w
      value: 0.7071067
      objectReference: {fileID: 0}
    - target: {fileID: 400004, guid: 280a741ffb9f68b4c985baa8b0991056, type: 3}
      propertyPath: m_RootOrder
      value: 0
      objectReference: {fileID: 0}
    - target: {fileID: 400004, guid: 280a741ffb9f68b4c985baa8b0991056, type: 3}
      propertyPath: m_LocalScale.x
      value: 0.03999999
      objectReference: {fileID: 0}
    - target: {fileID: 400004, guid: 280a741ffb9f68b4c985baa8b0991056, type: 3}
      propertyPath: m_LocalScale.y
      value: 0.03999999
      objectReference: {fileID: 0}
    - target: {fileID: 400004, guid: 280a741ffb9f68b4c985baa8b0991056, type: 3}
      propertyPath: m_LocalScale.z
      value: 0.04
      objectReference: {fileID: 0}
    - target: {fileID: 400006, guid: 280a741ffb9f68b4c985baa8b0991056, type: 3}
      propertyPath: m_LocalPosition.z
      value: 0
      objectReference: {fileID: 0}
    - target: {fileID: 400006, guid: 280a741ffb9f68b4c985baa8b0991056, type: 3}
      propertyPath: m_LocalPosition.y
      value: 0
      objectReference: {fileID: 0}
    - target: {fileID: 400006, guid: 280a741ffb9f68b4c985baa8b0991056, type: 3}
      propertyPath: m_LocalPosition.x
      value: 0
      objectReference: {fileID: 0}
    - target: {fileID: 100002, guid: 280a741ffb9f68b4c985baa8b0991056, type: 3}
      propertyPath: m_IsActive
      value: 0
      objectReference: {fileID: 0}
    - target: {fileID: 100000, guid: 280a741ffb9f68b4c985baa8b0991056, type: 3}
      propertyPath: m_IsActive
      value: 0
      objectReference: {fileID: 0}
    m_RemovedComponents: []
  m_ParentPrefab: {fileID: 100100000, guid: 280a741ffb9f68b4c985baa8b0991056, type: 3}
  m_IsPrefabParent: 0
--- !u!1001 &1892500602
Prefab:
  m_ObjectHideFlags: 0
  serializedVersion: 2
  m_Modification:
    m_TransformParent: {fileID: 857707721}
    m_Modifications:
    - target: {fileID: 4580194091363106, guid: 6fae51a9f4170334e8639e8dbfc0a54b, type: 2}
      propertyPath: m_LocalPosition.x
      value: 0
      objectReference: {fileID: 0}
    - target: {fileID: 4580194091363106, guid: 6fae51a9f4170334e8639e8dbfc0a54b, type: 2}
      propertyPath: m_LocalPosition.y
      value: 0
      objectReference: {fileID: 0}
    - target: {fileID: 4580194091363106, guid: 6fae51a9f4170334e8639e8dbfc0a54b, type: 2}
      propertyPath: m_LocalPosition.z
      value: 0
      objectReference: {fileID: 0}
    - target: {fileID: 4580194091363106, guid: 6fae51a9f4170334e8639e8dbfc0a54b, type: 2}
      propertyPath: m_LocalRotation.x
      value: -0
      objectReference: {fileID: 0}
    - target: {fileID: 4580194091363106, guid: 6fae51a9f4170334e8639e8dbfc0a54b, type: 2}
      propertyPath: m_LocalRotation.y
      value: -0
      objectReference: {fileID: 0}
    - target: {fileID: 4580194091363106, guid: 6fae51a9f4170334e8639e8dbfc0a54b, type: 2}
      propertyPath: m_LocalRotation.z
      value: -0.7071068
      objectReference: {fileID: 0}
    - target: {fileID: 4580194091363106, guid: 6fae51a9f4170334e8639e8dbfc0a54b, type: 2}
      propertyPath: m_LocalRotation.w
      value: 0.7071067
      objectReference: {fileID: 0}
    - target: {fileID: 4580194091363106, guid: 6fae51a9f4170334e8639e8dbfc0a54b, type: 2}
      propertyPath: m_RootOrder
      value: 1
      objectReference: {fileID: 0}
    - target: {fileID: 114956354361317420, guid: 6fae51a9f4170334e8639e8dbfc0a54b,
        type: 2}
      propertyPath: m_parentTransform
      value: 
      objectReference: {fileID: 906020004}
    - target: {fileID: 114956354361317420, guid: 6fae51a9f4170334e8639e8dbfc0a54b,
        type: 2}
      propertyPath: m_player
      value: 
      objectReference: {fileID: 906020005}
    - target: {fileID: 4580194091363106, guid: 6fae51a9f4170334e8639e8dbfc0a54b, type: 2}
      propertyPath: m_LocalScale.x
      value: 1
      objectReference: {fileID: 0}
    - target: {fileID: 4580194091363106, guid: 6fae51a9f4170334e8639e8dbfc0a54b, type: 2}
      propertyPath: m_LocalScale.y
      value: 1
      objectReference: {fileID: 0}
    - target: {fileID: 114956354361317420, guid: 6fae51a9f4170334e8639e8dbfc0a54b,
        type: 2}
      propertyPath: m_focusColor.g
      value: 0.91764706
      objectReference: {fileID: 0}
    - target: {fileID: 114956354361317420, guid: 6fae51a9f4170334e8639e8dbfc0a54b,
        type: 2}
      propertyPath: m_focusColor.b
      value: 1
      objectReference: {fileID: 0}
    - target: {fileID: 1091948866413652, guid: 6fae51a9f4170334e8639e8dbfc0a54b, type: 2}
      propertyPath: m_Layer
      value: 2
      objectReference: {fileID: 0}
    - target: {fileID: 1546240751716990, guid: 6fae51a9f4170334e8639e8dbfc0a54b, type: 2}
      propertyPath: m_Layer
      value: 2
      objectReference: {fileID: 0}
    - target: {fileID: 1651112280819536, guid: 6fae51a9f4170334e8639e8dbfc0a54b, type: 2}
      propertyPath: m_Layer
      value: 2
      objectReference: {fileID: 0}
    - target: {fileID: 1386526989925530, guid: 6fae51a9f4170334e8639e8dbfc0a54b, type: 2}
      propertyPath: m_Layer
      value: 2
      objectReference: {fileID: 0}
    - target: {fileID: 1000145320827700, guid: 6fae51a9f4170334e8639e8dbfc0a54b, type: 2}
      propertyPath: m_Layer
      value: 2
      objectReference: {fileID: 0}
    - target: {fileID: 1803714220283980, guid: 6fae51a9f4170334e8639e8dbfc0a54b, type: 2}
      propertyPath: m_Layer
      value: 2
      objectReference: {fileID: 0}
    - target: {fileID: 1769022940855322, guid: 6fae51a9f4170334e8639e8dbfc0a54b, type: 2}
      propertyPath: m_Layer
      value: 2
      objectReference: {fileID: 0}
    - target: {fileID: 1398641704878284, guid: 6fae51a9f4170334e8639e8dbfc0a54b, type: 2}
      propertyPath: m_Layer
      value: 2
      objectReference: {fileID: 0}
    - target: {fileID: 1330539178263190, guid: 6fae51a9f4170334e8639e8dbfc0a54b, type: 2}
      propertyPath: m_Layer
      value: 2
      objectReference: {fileID: 0}
    - target: {fileID: 1686868397780870, guid: 6fae51a9f4170334e8639e8dbfc0a54b, type: 2}
      propertyPath: m_Layer
      value: 2
      objectReference: {fileID: 0}
    - target: {fileID: 1547889697589658, guid: 6fae51a9f4170334e8639e8dbfc0a54b, type: 2}
      propertyPath: m_Layer
      value: 2
      objectReference: {fileID: 0}
    - target: {fileID: 1622909388144846, guid: 6fae51a9f4170334e8639e8dbfc0a54b, type: 2}
      propertyPath: m_Layer
      value: 2
      objectReference: {fileID: 0}
    - target: {fileID: 1292746387333072, guid: 6fae51a9f4170334e8639e8dbfc0a54b, type: 2}
      propertyPath: m_Layer
      value: 2
      objectReference: {fileID: 0}
    - target: {fileID: 1543974755654770, guid: 6fae51a9f4170334e8639e8dbfc0a54b, type: 2}
      propertyPath: m_Layer
      value: 2
      objectReference: {fileID: 0}
    - target: {fileID: 1974793724932324, guid: 6fae51a9f4170334e8639e8dbfc0a54b, type: 2}
      propertyPath: m_Layer
      value: 2
      objectReference: {fileID: 0}
    - target: {fileID: 1103710319074604, guid: 6fae51a9f4170334e8639e8dbfc0a54b, type: 2}
      propertyPath: m_Layer
      value: 2
      objectReference: {fileID: 0}
    - target: {fileID: 1405000853221038, guid: 6fae51a9f4170334e8639e8dbfc0a54b, type: 2}
      propertyPath: m_Layer
      value: 2
      objectReference: {fileID: 0}
    - target: {fileID: 1038158100605842, guid: 6fae51a9f4170334e8639e8dbfc0a54b, type: 2}
      propertyPath: m_Layer
      value: 2
      objectReference: {fileID: 0}
    - target: {fileID: 1786966247823404, guid: 6fae51a9f4170334e8639e8dbfc0a54b, type: 2}
      propertyPath: m_Layer
      value: 2
      objectReference: {fileID: 0}
    - target: {fileID: 1491959431608566, guid: 6fae51a9f4170334e8639e8dbfc0a54b, type: 2}
      propertyPath: m_Layer
      value: 2
      objectReference: {fileID: 0}
    - target: {fileID: 1795851174373568, guid: 6fae51a9f4170334e8639e8dbfc0a54b, type: 2}
      propertyPath: m_Layer
      value: 2
      objectReference: {fileID: 0}
    - target: {fileID: 1975341873499254, guid: 6fae51a9f4170334e8639e8dbfc0a54b, type: 2}
      propertyPath: m_Layer
      value: 2
      objectReference: {fileID: 0}
    - target: {fileID: 1018515614227862, guid: 6fae51a9f4170334e8639e8dbfc0a54b, type: 2}
      propertyPath: m_Layer
      value: 2
      objectReference: {fileID: 0}
    - target: {fileID: 1145066456828278, guid: 6fae51a9f4170334e8639e8dbfc0a54b, type: 2}
      propertyPath: m_Layer
      value: 2
      objectReference: {fileID: 0}
    - target: {fileID: 1717578196406820, guid: 6fae51a9f4170334e8639e8dbfc0a54b, type: 2}
      propertyPath: m_Layer
      value: 2
      objectReference: {fileID: 0}
    - target: {fileID: 1622286549893930, guid: 6fae51a9f4170334e8639e8dbfc0a54b, type: 2}
      propertyPath: m_Layer
      value: 2
      objectReference: {fileID: 0}
    - target: {fileID: 1191426646027960, guid: 6fae51a9f4170334e8639e8dbfc0a54b, type: 2}
      propertyPath: m_Layer
      value: 2
      objectReference: {fileID: 0}
    - target: {fileID: 1868507811476558, guid: 6fae51a9f4170334e8639e8dbfc0a54b, type: 2}
      propertyPath: m_Layer
      value: 2
      objectReference: {fileID: 0}
    - target: {fileID: 1832995667699308, guid: 6fae51a9f4170334e8639e8dbfc0a54b, type: 2}
      propertyPath: m_Layer
      value: 2
      objectReference: {fileID: 0}
    - target: {fileID: 1461163109567766, guid: 6fae51a9f4170334e8639e8dbfc0a54b, type: 2}
      propertyPath: m_Layer
      value: 2
      objectReference: {fileID: 0}
    - target: {fileID: 1687985271788892, guid: 6fae51a9f4170334e8639e8dbfc0a54b, type: 2}
      propertyPath: m_Layer
      value: 2
      objectReference: {fileID: 0}
    - target: {fileID: 1164771875054170, guid: 6fae51a9f4170334e8639e8dbfc0a54b, type: 2}
      propertyPath: m_Layer
      value: 2
      objectReference: {fileID: 0}
    - target: {fileID: 1954774837092130, guid: 6fae51a9f4170334e8639e8dbfc0a54b, type: 2}
      propertyPath: m_Layer
      value: 2
      objectReference: {fileID: 0}
    - target: {fileID: 1329846250300294, guid: 6fae51a9f4170334e8639e8dbfc0a54b, type: 2}
      propertyPath: m_Layer
      value: 2
      objectReference: {fileID: 0}
    - target: {fileID: 1840607613350434, guid: 6fae51a9f4170334e8639e8dbfc0a54b, type: 2}
      propertyPath: m_Layer
      value: 2
      objectReference: {fileID: 0}
    - target: {fileID: 1114942256784060, guid: 6fae51a9f4170334e8639e8dbfc0a54b, type: 2}
      propertyPath: m_Layer
      value: 2
      objectReference: {fileID: 0}
    - target: {fileID: 1113103321769064, guid: 6fae51a9f4170334e8639e8dbfc0a54b, type: 2}
      propertyPath: m_Layer
      value: 2
      objectReference: {fileID: 0}
    - target: {fileID: 1675515693957566, guid: 6fae51a9f4170334e8639e8dbfc0a54b, type: 2}
      propertyPath: m_Layer
      value: 2
      objectReference: {fileID: 0}
    - target: {fileID: 1209344098431948, guid: 6fae51a9f4170334e8639e8dbfc0a54b, type: 2}
      propertyPath: m_Layer
      value: 2
      objectReference: {fileID: 0}
    - target: {fileID: 1611333909122948, guid: 6fae51a9f4170334e8639e8dbfc0a54b, type: 2}
      propertyPath: m_Layer
      value: 2
      objectReference: {fileID: 0}
    - target: {fileID: 1214909306904156, guid: 6fae51a9f4170334e8639e8dbfc0a54b, type: 2}
      propertyPath: m_Layer
      value: 2
      objectReference: {fileID: 0}
    - target: {fileID: 1389794602734852, guid: 6fae51a9f4170334e8639e8dbfc0a54b, type: 2}
      propertyPath: m_Layer
      value: 2
      objectReference: {fileID: 0}
    - target: {fileID: 1576473031368832, guid: 6fae51a9f4170334e8639e8dbfc0a54b, type: 2}
      propertyPath: m_Layer
      value: 2
      objectReference: {fileID: 0}
    - target: {fileID: 1193869443977978, guid: 6fae51a9f4170334e8639e8dbfc0a54b, type: 2}
      propertyPath: m_Layer
      value: 2
      objectReference: {fileID: 0}
    - target: {fileID: 1582179205852632, guid: 6fae51a9f4170334e8639e8dbfc0a54b, type: 2}
      propertyPath: m_Layer
      value: 2
      objectReference: {fileID: 0}
    - target: {fileID: 1875731299170236, guid: 6fae51a9f4170334e8639e8dbfc0a54b, type: 2}
      propertyPath: m_Layer
      value: 2
      objectReference: {fileID: 0}
    - target: {fileID: 1371471240835536, guid: 6fae51a9f4170334e8639e8dbfc0a54b, type: 2}
      propertyPath: m_Layer
      value: 2
      objectReference: {fileID: 0}
    - target: {fileID: 1894585650502708, guid: 6fae51a9f4170334e8639e8dbfc0a54b, type: 2}
      propertyPath: m_Layer
      value: 2
      objectReference: {fileID: 0}
    - target: {fileID: 1752075984798140, guid: 6fae51a9f4170334e8639e8dbfc0a54b, type: 2}
      propertyPath: m_Layer
      value: 2
      objectReference: {fileID: 0}
    - target: {fileID: 1489719216262062, guid: 6fae51a9f4170334e8639e8dbfc0a54b, type: 2}
      propertyPath: m_Layer
      value: 2
      objectReference: {fileID: 0}
    - target: {fileID: 1691637137189512, guid: 6fae51a9f4170334e8639e8dbfc0a54b, type: 2}
      propertyPath: m_Layer
      value: 2
      objectReference: {fileID: 0}
    - target: {fileID: 1232803049252438, guid: 6fae51a9f4170334e8639e8dbfc0a54b, type: 2}
      propertyPath: m_Layer
      value: 2
      objectReference: {fileID: 0}
    - target: {fileID: 1207475453951092, guid: 6fae51a9f4170334e8639e8dbfc0a54b, type: 2}
      propertyPath: m_Layer
      value: 2
      objectReference: {fileID: 0}
    - target: {fileID: 1475275508710974, guid: 6fae51a9f4170334e8639e8dbfc0a54b, type: 2}
      propertyPath: m_Layer
      value: 2
      objectReference: {fileID: 0}
    - target: {fileID: 1861812274276514, guid: 6fae51a9f4170334e8639e8dbfc0a54b, type: 2}
      propertyPath: m_Layer
      value: 2
      objectReference: {fileID: 0}
    - target: {fileID: 1970751317685994, guid: 6fae51a9f4170334e8639e8dbfc0a54b, type: 2}
      propertyPath: m_Layer
      value: 2
      objectReference: {fileID: 0}
    - target: {fileID: 1803024130554210, guid: 6fae51a9f4170334e8639e8dbfc0a54b, type: 2}
      propertyPath: m_Layer
      value: 2
      objectReference: {fileID: 0}
    - target: {fileID: 1215179406569938, guid: 6fae51a9f4170334e8639e8dbfc0a54b, type: 2}
      propertyPath: m_Layer
      value: 2
      objectReference: {fileID: 0}
    - target: {fileID: 1822465738715404, guid: 6fae51a9f4170334e8639e8dbfc0a54b, type: 2}
      propertyPath: m_Layer
      value: 2
      objectReference: {fileID: 0}
    - target: {fileID: 1613160569505602, guid: 6fae51a9f4170334e8639e8dbfc0a54b, type: 2}
      propertyPath: m_Layer
      value: 2
      objectReference: {fileID: 0}
    - target: {fileID: 1019840894954542, guid: 6fae51a9f4170334e8639e8dbfc0a54b, type: 2}
      propertyPath: m_Layer
      value: 2
      objectReference: {fileID: 0}
    - target: {fileID: 1685486883655302, guid: 6fae51a9f4170334e8639e8dbfc0a54b, type: 2}
      propertyPath: m_Layer
      value: 2
      objectReference: {fileID: 0}
    - target: {fileID: 1970027097236458, guid: 6fae51a9f4170334e8639e8dbfc0a54b, type: 2}
      propertyPath: m_Layer
      value: 2
      objectReference: {fileID: 0}
    - target: {fileID: 1173658494909946, guid: 6fae51a9f4170334e8639e8dbfc0a54b, type: 2}
      propertyPath: m_Layer
      value: 2
      objectReference: {fileID: 0}
    - target: {fileID: 1323871505639198, guid: 6fae51a9f4170334e8639e8dbfc0a54b, type: 2}
      propertyPath: m_Layer
      value: 2
      objectReference: {fileID: 0}
    - target: {fileID: 1262139111382088, guid: 6fae51a9f4170334e8639e8dbfc0a54b, type: 2}
      propertyPath: m_Layer
      value: 2
      objectReference: {fileID: 0}
    - target: {fileID: 1593080314536746, guid: 6fae51a9f4170334e8639e8dbfc0a54b, type: 2}
      propertyPath: m_Layer
      value: 2
      objectReference: {fileID: 0}
    - target: {fileID: 1023080319012110, guid: 6fae51a9f4170334e8639e8dbfc0a54b, type: 2}
      propertyPath: m_Layer
      value: 2
      objectReference: {fileID: 0}
    - target: {fileID: 1786082440641626, guid: 6fae51a9f4170334e8639e8dbfc0a54b, type: 2}
      propertyPath: m_Layer
      value: 2
      objectReference: {fileID: 0}
    - target: {fileID: 1184432593324342, guid: 6fae51a9f4170334e8639e8dbfc0a54b, type: 2}
      propertyPath: m_Layer
      value: 2
      objectReference: {fileID: 0}
    - target: {fileID: 1529665982324578, guid: 6fae51a9f4170334e8639e8dbfc0a54b, type: 2}
      propertyPath: m_Layer
      value: 2
      objectReference: {fileID: 0}
    - target: {fileID: 1136511231123292, guid: 6fae51a9f4170334e8639e8dbfc0a54b, type: 2}
      propertyPath: m_Layer
      value: 2
      objectReference: {fileID: 0}
    - target: {fileID: 1229739791387042, guid: 6fae51a9f4170334e8639e8dbfc0a54b, type: 2}
      propertyPath: m_Layer
      value: 2
      objectReference: {fileID: 0}
    - target: {fileID: 1798981614737818, guid: 6fae51a9f4170334e8639e8dbfc0a54b, type: 2}
      propertyPath: m_Layer
      value: 2
      objectReference: {fileID: 0}
    - target: {fileID: 1370779330309794, guid: 6fae51a9f4170334e8639e8dbfc0a54b, type: 2}
      propertyPath: m_Layer
      value: 2
      objectReference: {fileID: 0}
    - target: {fileID: 1840548272590258, guid: 6fae51a9f4170334e8639e8dbfc0a54b, type: 2}
      propertyPath: m_Layer
      value: 2
      objectReference: {fileID: 0}
    - target: {fileID: 1287977750981612, guid: 6fae51a9f4170334e8639e8dbfc0a54b, type: 2}
      propertyPath: m_Layer
      value: 2
      objectReference: {fileID: 0}
    - target: {fileID: 1730008706992294, guid: 6fae51a9f4170334e8639e8dbfc0a54b, type: 2}
      propertyPath: m_Layer
      value: 2
      objectReference: {fileID: 0}
    - target: {fileID: 1856635208222018, guid: 6fae51a9f4170334e8639e8dbfc0a54b, type: 2}
      propertyPath: m_Layer
      value: 2
      objectReference: {fileID: 0}
    - target: {fileID: 1673547646708828, guid: 6fae51a9f4170334e8639e8dbfc0a54b, type: 2}
      propertyPath: m_Layer
      value: 2
      objectReference: {fileID: 0}
    - target: {fileID: 1065259831761138, guid: 6fae51a9f4170334e8639e8dbfc0a54b, type: 2}
      propertyPath: m_Layer
      value: 2
      objectReference: {fileID: 0}
    - target: {fileID: 1134965279926140, guid: 6fae51a9f4170334e8639e8dbfc0a54b, type: 2}
      propertyPath: m_Layer
      value: 2
      objectReference: {fileID: 0}
    - target: {fileID: 1785481020604812, guid: 6fae51a9f4170334e8639e8dbfc0a54b, type: 2}
      propertyPath: m_Layer
      value: 2
      objectReference: {fileID: 0}
    - target: {fileID: 1070549995558178, guid: 6fae51a9f4170334e8639e8dbfc0a54b, type: 2}
      propertyPath: m_Layer
      value: 2
      objectReference: {fileID: 0}
    - target: {fileID: 1493363656325812, guid: 6fae51a9f4170334e8639e8dbfc0a54b, type: 2}
      propertyPath: m_Layer
      value: 2
      objectReference: {fileID: 0}
    - target: {fileID: 114956354361317420, guid: 6fae51a9f4170334e8639e8dbfc0a54b,
        type: 2}
      propertyPath: m_grabObjectsInLayer
      value: 0
      objectReference: {fileID: 0}
    - target: {fileID: 1173658494909946, guid: 6fae51a9f4170334e8639e8dbfc0a54b, type: 2}
      propertyPath: m_IsActive
      value: 1
      objectReference: {fileID: 0}
    - target: {fileID: 4461813664070360, guid: 6fae51a9f4170334e8639e8dbfc0a54b, type: 2}
      propertyPath: m_RootOrder
      value: 1
      objectReference: {fileID: 0}
    - target: {fileID: 1730008706992294, guid: 6fae51a9f4170334e8639e8dbfc0a54b, type: 2}
      propertyPath: m_IsActive
      value: 0
      objectReference: {fileID: 0}
    m_RemovedComponents: []
  m_ParentPrefab: {fileID: 100100000, guid: 6fae51a9f4170334e8639e8dbfc0a54b, type: 2}
  m_IsPrefabParent: 0
--- !u!1 &2087665216
GameObject:
  m_ObjectHideFlags: 0
  m_PrefabParentObject: {fileID: 0}
  m_PrefabInternal: {fileID: 0}
  serializedVersion: 5
  m_Component:
  - component: {fileID: 2087665217}
  - component: {fileID: 2087665218}
  - component: {fileID: 2087665219}
  m_Layer: 0
  m_Name: DetectGrabRange
  m_TagString: Untagged
  m_Icon: {fileID: 0}
  m_NavMeshLayer: 0
  m_StaticEditorFlags: 0
  m_IsActive: 1
--- !u!4 &2087665217
Transform:
  m_ObjectHideFlags: 0
  m_PrefabParentObject: {fileID: 0}
  m_PrefabInternal: {fileID: 0}
  m_GameObject: {fileID: 2087665216}
  m_LocalRotation: {x: 0, y: 0, z: 0, w: 1}
  m_LocalPosition: {x: 0, y: 0, z: 0}
  m_LocalScale: {x: 1, y: 1, z: 1}
  m_Children: []
  m_Father: {fileID: 906019999}
  m_RootOrder: 2
  m_LocalEulerAnglesHint: {x: 0, y: 0, z: 0}
--- !u!114 &2087665218
MonoBehaviour:
  m_ObjectHideFlags: 0
  m_PrefabParentObject: {fileID: 0}
  m_PrefabInternal: {fileID: 0}
  m_GameObject: {fileID: 2087665216}
  m_Enabled: 1
  m_EditorHideFlags: 0
  m_Script: {fileID: 11500000, guid: c2d153878a9f7eb45b0e02c0c739029a, type: 3}
  m_Name: 
  m_EditorClassIdentifier: 
  OutlineColorInRange: {r: 1, g: 1, b: 1, a: 1}
  OutlineColorHighlighted: {r: 0, g: 1, b: 0.95686275, a: 1}
--- !u!135 &2087665219
SphereCollider:
  m_ObjectHideFlags: 0
  m_PrefabParentObject: {fileID: 0}
  m_PrefabInternal: {fileID: 0}
  m_GameObject: {fileID: 2087665216}
  m_Material: {fileID: 0}
  m_IsTrigger: 1
  m_Enabled: 1
  serializedVersion: 2
  m_Radius: 2
  m_Center: {x: 0, y: 0, z: 0}
